4948 6368
875 674 909 722 11.
932 675 1045 724 urimo
1069 674 1105 724 DI
1127 676 1211 725 ΡΑΡΑ
1233 677 1346 725 iamim
1368 678 1401 728 Χ.

963 1836 1042 1937 A·
1066 1831 1330 1948 MDXIX.

528 2336 575 2413 In
603 2335 664 2415 die
683 2304 996 2430 circumcisionis,
1016 2335 1063 2412 de
1083 2335 1230 2414 Grassis
1248 2335 1453 2415 cardinalis
1471 2336 1681 2414 celebravit
1706 2337 1863 2413 missam
1889 2357 1953 2419 ror.
1970 2359 2025 2417 ere
2043 2375 2075 2418 v.

422 2484 461 2559 in
501 2482 673 2579 cappella
713 2480 762 2556 ad
790 2505 907 2579 quam
934 2481 1040 2579 Papa
1066 2482 1181 2557 solito
1209 2481 1323 2557 citius
1350 2481 1471 2558 venit.
1510 2481 1732 2560 Sermonem
1773 2481 1866 2559 iecit

422 2625 576 2723 quidam
606 2625 727 2702 freter
745 2627 868 2701 sancti
887 2625 1088 2720 Francisci,
1108 2627 1334 2702 secretarius
1354 2625 1558 2703 cardinalis
1577 2625 1791 2703 Armellini.

526 2909 571 2984 In
585 2909 717 3006 vigilia
735 2909 982 3006 Epiphaniae,
1001 2909 1221 2984 bardissime
1240 2910 1337 2984 hora
1352 2909 1459 3006 Papa
1477 2908 1526 2984 ad
1551 2929 1728 3005 vesperas
1756 2905 1867 2984 venit
1893 2912 1987 2970 2⁰⁹⁹
2006 2929 2036 2970 v.

420 3077 504 3132 oum
534 3055 683 3154 nigerot
710 3053 876 3149 sortiter,
905 3057 945 3133 et
971 3057 1073 3133 esset
1099 3054 1220 3154 frigus
1239 3054 1480 3148 immensum,
1499 3055 1557 3129 ita
1584 3055 1631 3129 ut
1649 3053 1755 3153 Papa
1778 3074 1865 3131 oum

419 3198 498 3273 risu
526 3198 642 3294 petiit
668 3222 692 3272 a
720 3220 790 3274 suo
822 3199 1118 3275 coeremoniario
1152 3198 1373 3295 dispensari,
1393 3203 1440 3274 ut
1466 3201 1594 3297 posset
1621 3197 1661 3271 in
1689 3197 1866 3272 menibus

419 3343 576 3438 portare
603 3339 851 3416 chirothecas.

525 3625 597 3704 Die
624 3626 770 3704 decima
793 3627 963 3723 januarii
992 3627 1068 3702 init
1095 3625 1364 3704 consistorium
1390 3627 1580 3703 secretum
1607 3625 1648 3700 in
1676 3647 1753 3724 quo
1780 3647 1862 3702 car·
1889 3639 2017 3698 tueor

419 3767 557 3844 (linaiis
588 3769 711 3845 sancti
748 3767 886 3867 Georgi
923 3793 1010 3846 oum
1037 3793 1113 3866 quo
1151 3768 1257 3867 Papa
1283 3767 1324 3843 in
1352 3767 1468 3844 missa
1503 3765 1734 3843 Natiuitatis
1771 3769 1863 3843 anni

417 3913 618 4010 praeteriti
646 3913 867 4009 pacificatus
894 3915 1033 4006 iuerat,
1062 3915 1320 4011 reintegratus
1339 3915 1399 3988 est
1426 3911 1546 3988 etiam
1574 3910 1701 4010 quoad
1728 3934 1862 3989 vocem

417 4057 586 4135 activam
614 4059 655 4135 et
682 4057 887 4156 passivam.

523 4346 595 4422 Die
631 4347 782 4422 sabbati
816 4345 1000 4443 vigesima
1036 4345 1203 4422 secunda
1239 4345 1417 4440 ianuarii,
1452 4345 1549 4421 hora
1576 4343 1696 4421 tertia
1736 4341 1861 4419 noctis
1887 4353 1910 4413 r.
1927 4353 1984 4412 aec
2006 4372 2031 4414 r.

416 4487 661 4585 praeteritae,
676 4489 854 4563 mortuus
872 4489 930 4563 est
948 4487 1130 4585 Aloysius
1148 4486 1353 4563 cardinalis
1373 4485 1421 4562 de
1440 4485 1681 4583 Aragona'in
1701 4482 1861 4561 aedibus

415 4630 495 4706 suis
522 4631 563 4705 in
590 4632 725 4728 burgo,
754 4631 821 4728 qui
848 4630 889 4706 in
916 4633 1150 4707 testamento
1165 4631 1504 4707 suomandavitse
1519 4630 1687 4706 voluisse
1714 4628 1860 4726 simpli·

416 4773 565 4852 cissime
584 4774 737 4872 sepeliri
751 4774 791 4851 in
819 4777 976 4852 ecclesia
996 4776 1043 4852 de
1063 4777 1246 4868 Minerva,
1267 4799 1314 4852 ex
1333 4797 1409 4873 quo
1429 4777 1564 4870 postea
1582 4774 1740 4851 volebat
1754 4775 1860 4848 tran·

415 4917 525 4992 sierri
545 4918 584 4990 in
603 4917 801 4993 civitatem
823 4917 1111 5014 neapolitanam
1130 4917 1179 4992 ad
1197 4917 1372 5014 sepulcra
1390 4939 1551 4992 suorum
1578 4913 1681 5011 apud
1714 4911 1860 4989 iratres

418 5058 464 5134 de
479 5059 662 5137 Minerva.
680 5057 752 5136 Sed
768 5060 948 5136 voluntas
963 5060 1046 5156 ejus
1065 5061 1106 5135 in
1120 5061 1192 5137 hoc
1205 5085 1283 5139 non
1302 5061 1379 5136 fuit
1397 5061 1614 5148 observata,
1632 5059 1674 5132 et
1688 5055 1859 5132 maxima

417 5227 555 5300 pompa
582 5203 744 5280 cadaver
771 5204 943 5281 delatum
971 5228 995 5278 a
1022 5205 1203 5298 tercentis
1223 5203 1477 5279 familiaribus
1504 5201 1657 5279 vestitis
1684 5199 1791 5297 pullo
1819 5203 1860 5275 et

416 5347 567 5424 sordido
603 5349 741 5443 colore,
770 5351 811 5426 et
836 5351 959 5427 omnis
988 5350 1158 5450 pullatus
1192 5350 1356 5428 torciam
1393 5348 1522 5424 albam
1550 5347 1694 5422 habene
1725 5344 1858 5419 canta·

417 5493 476 5570 vit
502 5493 678 5571 cantibus
705 5497 863 5572 moestis
881 5499 922 5574 et
939 5497 1161 5594 lacrimosis,
1181 5497 1283 5596 quod
1301 5496 1379 5572 init
1396 5517 1541 5572 novum
1559 5495 1601 5570 et
1614 5488 1857 5566 inusitatum.
