<?xml version="1.0" encoding="UTF-8"?>
<!DOCTYPE html PUBLIC "-//W3C//DTD XHTML 1.0 Transitional//EN"
    "http://www.w3.org/TR/xhtml1/DTD/xhtml1-transitional.dtd">
<html xmlns="http://www.w3.org/1999/xhtml" xml:lang="en" lang="en">
 <head>
  <title>
</title>
<meta http-equiv="Content-Type" content="text/html;charset=utf-8" />
  <meta name='ocr-system' content='tesseract 3.04.00' />
  <meta name='ocr-capabilities' content='ocr_page ocr_carea ocr_par ocr_line ocrx_word'/>
</head>
<body>
  <div class='ocr_page' id='page_1' title='image "./ildiariodileone00grasgoog_0069.png"; bbox 0 0 4970 6352; ppageno 0'>
   <div class='ocr_carea' id='block_1_1' title="bbox 841 593 1832 671">
    <p class='ocr_par' dir='ltr' id='par_1_1' title="bbox 841 593 1832 671">
     <span class='ocr_line' id='line_1_1' title="bbox 841 593 1832 671; baseline -0.008 -1"><span class='ocrx_word' id='word_1_1' title='bbox 841 623 875 670; x_wconf 82' lang='lat' dir='ltr'><strong>ru</strong></span> <span class='ocrx_word' id='word_1_2' title='bbox 899 623 1012 671; x_wconf 71' lang='lat' dir='ltr'><strong>urimo</strong></span> <span class='ocrx_word' id='word_1_3' title='bbox 1035 622 1070 670; x_wconf 86' lang='lat' dir='ltr'><strong>m</strong></span> <span class='ocrx_word' id='word_1_4' title='bbox 1094 622 1176 670; x_wconf 74' lang='lat' dir='ltr'><strong>rura</strong></span> <span class='ocrx_word' id='word_1_5' title='bbox 1199 623 1312 670; x_wconf 80' lang='lat' dir='ltr'><strong>anona</strong></span> <span class='ocrx_word' id='word_1_6' title='bbox 1334 621 1366 668; x_wconf 84' lang='lat' dir='ltr'><strong>x.</strong></span> <span class='ocrx_word' id='word_1_7' title='bbox 1788 593 1832 663; x_wconf 83' lang='grc'><strong>53</strong></span> 
     </span>
    </p>
   </div>
   <div class='ocr_carea' id='block_1_2' title="bbox 504 834 1832 929">
    <p class='ocr_par' dir='ltr' id='par_1_2' title="bbox 504 834 1832 929">
     <span class='ocr_line' id='line_1_2' title="bbox 504 834 1832 929; baseline -0.006 -10"><span class='ocrx_word' id='word_1_8' title='bbox 504 839 764 918; x_wconf 84' lang='lat' dir='ltr'><strong>Fordinandus</strong></span> <span class='ocrx_word' id='word_1_9' title='bbox 793 839 1002 916; x_wconf 84' lang='lat' dir='ltr'><strong>Pouzettus</strong></span> <span class='ocrx_word' id='word_1_10' title='bbox 1029 839 1172 915; x_wconf 87' lang='lat' dir='ltr'><strong>electus</strong></span> <span class='ocrx_word' id='word_1_11' title='bbox 1194 837 1436 929; x_wconf 84' lang='lat' dir='ltr'><strong>melfitensis,</strong></span> <span class='ocrx_word' id='word_1_12' title='bbox 1474 834 1714 925; x_wconf 90' lang='lat' dir='ltr'><strong>florentinus,</strong></span> <span class='ocrx_word' id='word_1_13' title='bbox 1743 835 1832 911; x_wconf 92' lang='lat' dir='ltr'><strong>the·</strong></span> 
     </span>
    </p>
   </div>
   <div class='ocr_carea' id='block_1_3' title="bbox 394 987 1843 4367">
    <p class='ocr_par' dir='ltr' id='par_1_3' title="bbox 395 987 1208 1084">
     <span class='ocr_line' id='line_1_3' title="bbox 395 987 1208 1084; baseline -0.006 -20"><span class='ocrx_word' id='word_1_14' title='bbox 395 987 590 1064; x_wconf 88' lang='lat' dir='ltr'><strong>saururius</strong></span> <span class='ocrx_word' id='word_1_15' title='bbox 618 987 756 1084; x_wconf 87' lang='lat' dir='ltr'><strong>Papae,</strong></span> <span class='ocrx_word' id='word_1_16' title='bbox 784 1009 972 1062; x_wconf 85' lang='lat' dir='ltr'><strong>annorum</strong></span> <span class='ocrx_word' id='word_1_17' title='bbox 1002 987 1208 1083; x_wconf 87' lang='lat' dir='ltr'><strong>octoginta,</strong></span> 
     </span>
    </p>

    <p class='ocr_par' dir='ltr' id='par_1_4' title="bbox 396 1127 1834 1348">
     <span class='ocr_line' id='line_1_4' title="bbox 498 1127 1834 1240; baseline -0.003 -34"><span class='ocrx_word' id='word_1_18' title='bbox 498 1130 681 1230; x_wconf 80' lang='lat' dir='ltr'><strong>moysius</strong></span> <span class='ocrx_word' id='word_1_19' title='bbox 708 1133 757 1240; x_wconf 87' lang='lat' dir='ltr'><strong>de</strong></span> <span class='ocrx_word' id='word_1_20' title='bbox 781 1133 923 1210; x_wconf 85' lang='lat' dir='ltr'><strong>Rubeis</strong></span> <span class='ocrx_word' id='word_1_21' title='bbox 942 1131 1255 1228; x_wconf 89' lang='lat' dir='ltr'><strong>prothonotarius</strong></span> <span class='ocrx_word' id='word_1_22' title='bbox 1274 1128 1517 1224; x_wconf 88' lang='lat' dir='ltr'><strong>apostolicus,</strong></span> <span class='ocrx_word' id='word_1_23' title='bbox 1538 1127 1664 1202; x_wconf 88' lang='lat' dir='ltr'><strong>aliinis</strong></span> <span class='ocrx_word' id='word_1_24' title='bbox 1693 1128 1834 1228; x_wconf 90' lang='lat' dir='ltr'><strong>Papae,</strong></span> 
     </span>
     <span class='ocr_line' id='line_1_5' title="bbox 396 1273 623 1348; baseline 0.009 -2"><span class='ocrx_word' id='word_1_25' title='bbox 396 1273 623 1348; x_wconf 89' lang='lat' dir='ltr'><strong>florentinus</strong></span> 
     </span>
    </p>

    <p class='ocr_par' dir='ltr' id='par_1_5' title="bbox 501 1410 1441 1510">
     <span class='ocr_line' id='line_1_6' title="bbox 501 1410 1441 1510; baseline -0.006 -20"><span class='ocrx_word' id='word_1_26' title='bbox 501 1415 641 1491; x_wconf 89' lang='lat' dir='ltr'><strong>Silvius</strong></span> <span class='ocrx_word' id='word_1_27' title='bbox 669 1413 894 1490; x_wconf 84' lang='lat' dir='ltr'><strong>Passerinus</strong></span> <span class='ocrx_word' id='word_1_28' title='bbox 923 1413 1239 1510; x_wconf 87' lang='lat' dir='ltr'><strong>prothonotarius</strong></span> <span class='ocrx_word' id='word_1_29' title='bbox 1267 1410 1441 1486; x_wconf 84' lang='lat' dir='ltr'><strong>deterius</strong></span> 
     </span>
    </p>

    <p class='ocr_par' dir='ltr' id='par_1_6' title="bbox 395 1523 1834 1771">
     <span class='ocr_line' id='line_1_7' title="bbox 483 1523 1834 1651; baseline -0.007 -15"><span class='ocrx_word' id='word_1_30' title='bbox 483 1556 722 1636; x_wconf 65' lang='lat' dir='ltr'><strong>,Franciscus</strong></span> <span class='ocrx_word' id='word_1_31' title='bbox 751 1523 996 1630; x_wconf 33' lang='lat' dir='ltr'><strong>&#39;Armellinus</strong></span> <span class='ocrx_word' id='word_1_32' title='bbox 1024 1557 1226 1651; x_wconf 76' lang='lat' dir='ltr'>perusinus</span> <span class='ocrx_word' id='word_1_33' title='bbox 1259 1553 1416 1629; x_wconf 89' lang='lat' dir='ltr'><strong>clericus</strong></span> <span class='ocrx_word' id='word_1_34' title='bbox 1454 1573 1642 1642; x_wconf 88' lang='lat' dir='ltr'><strong>camerae,</strong></span> <span class='ocrx_word' id='word_1_35' title='bbox 1680 1554 1722 1626; x_wconf 88' lang='lat' dir='ltr'><strong>et</strong></span> <span class='ocrx_word' id='word_1_36' title='bbox 1748 1572 1834 1648; x_wconf 93' lang='lat' dir='ltr'><strong>pro·</strong></span> 
     </span>
     <span class='ocr_line' id='line_1_8' title="bbox 395 1664 1485 1771; baseline -0.003 0"><span class='ocrx_word' id='word_1_37' title='bbox 395 1695 640 1771; x_wconf 74' lang='lat' dir='ltr'><strong>monocerus</strong></span> <span class='ocrx_word' id='word_1_38' title='bbox 1480 1664 1485 1674; x_wconf 82' lang='lat'>&#39;</span> 
     </span>
    </p>

    <p class='ocr_par' dir='ltr' id='par_1_7' title="bbox 501 1834 1471 1934">
     <span class='ocr_line' id='line_1_9' title="bbox 501 1834 1471 1934; baseline -0.004 -22"><span class='ocrx_word' id='word_1_39' title='bbox 501 1837 666 1913; x_wconf 85' lang='lat' dir='ltr'><strong>Thomas</strong></span> <span class='ocrx_word' id='word_1_40' title='bbox 694 1838 901 1928; x_wconf 84' lang='lat' dir='ltr'><strong>Gaetauus,</strong></span> <span class='ocrx_word' id='word_1_41' title='bbox 930 1835 1119 1934; x_wconf 85' lang='lat' dir='ltr'><strong>generalis</strong></span> <span class='ocrx_word' id='word_1_42' title='bbox 1151 1834 1471 1932; x_wconf 89' lang='lat' dir='ltr'><strong>praedicatorum.</strong></span> 
     </span>
    </p>

    <p class='ocr_par' dir='ltr' id='par_1_8' title="bbox 503 1977 1483 2080">
     <span class='ocr_line' id='line_1_10' title="bbox 503 1977 1483 2080; baseline -0.004 -22"><span class='ocrx_word' id='word_1_43' title='bbox 503 1979 684 2080; x_wconf 81' lang='lat' dir='ltr'><strong>Aegidius</strong></span> <span class='ocrx_word' id='word_1_44' title='bbox 711 1979 899 2079; x_wconf 80' lang='lat' dir='ltr'><strong>generalis</strong></span> <span class='ocrx_word' id='word_1_45' title='bbox 925 1979 1212 2070; x_wconf 73' lang='lat' dir='ltr'><strong>heremitarum,</strong></span> <span class='ocrx_word' id='word_1_46' title='bbox 1241 1977 1483 2055; x_wconf 77' lang='lat' dir='ltr'><strong>viterbiensis</strong></span> 
     </span>
    </p>

    <p class='ocr_par' dir='ltr' id='par_1_9' title="bbox 503 2121 1768 2226">
     <span class='ocr_line' id='line_1_11' title="bbox 503 2121 1768 2226; baseline -0.003 -24"><span class='ocrx_word' id='word_1_47' title='bbox 503 2127 822 2226; x_wconf 81' lang='lat' dir='ltr'><strong>Christhophorus</strong></span> <span class='ocrx_word' id='word_1_48' title='bbox 849 2123 1035 2202; x_wconf 86' lang='lat' dir='ltr'><strong>Nomaius</strong></span> <span class='ocrx_word' id='word_1_49' title='bbox 1063 2121 1330 2218; x_wconf 85' lang='lat' dir='ltr'><strong>foroliviensis,</strong></span> <span class='ocrx_word' id='word_1_50' title='bbox 1359 2121 1547 2222; x_wconf 80' lang='lat' dir='ltr'><strong>generalis</strong></span> <span class='ocrx_word' id='word_1_51' title='bbox 1575 2123 1768 2198; x_wconf 89' lang='lat' dir='ltr'><strong>minorum</strong></span> 
     </span>
    </p>

    <p class='ocr_par' dir='ltr' id='par_1_10' title="bbox 397 2266 1837 2514">
     <span class='ocr_line' id='line_1_12' title="bbox 505 2266 1837 2360; baseline -0.002 -15"><span class='ocrx_word' id='word_1_52' title='bbox 505 2271 731 2347; x_wconf 82' lang='lat' dir='ltr'><strong>Guillelrnus</strong></span> <span class='ocrx_word' id='word_1_53' title='bbox 758 2269 995 2345; x_wconf 85' lang='lat' dir='ltr'><strong>Raimundus</strong></span> <span class='ocrx_word' id='word_1_54' title='bbox 1023 2270 1069 2346; x_wconf 93' lang='lat' dir='ltr'><strong>de</strong></span> <span class='ocrx_word' id='word_1_55' title='bbox 1097 2269 1203 2360; x_wconf 88' lang='lat' dir='ltr'><strong>Vich,</strong></span> <span class='ocrx_word' id='word_1_56' title='bbox 1220 2268 1507 2360; x_wconf 74' lang='lat' dir='ltr'><strong>valentinensis,</strong></span> <span class='ocrx_word' id='word_1_57' title='bbox 1523 2266 1643 2343; x_wconf 86' lang='lat' dir='ltr'><strong>frater</strong></span> <span class='ocrx_word' id='word_1_58' title='bbox 1662 2292 1731 2344; x_wconf 92' lang='lat' dir='ltr'><strong>ora</strong></span> <span class='ocrx_word' id='word_1_59' title='bbox 1739 2268 1837 2345; x_wconf 90' lang='lat' dir='ltr'><strong>toris</strong></span> 
     </span>
     <span class='ocr_line' id='line_1_13' title="bbox 397 2414 653 2514; baseline -0.004 -25"><span class='ocrx_word' id='word_1_60' title='bbox 397 2414 653 2514; x_wconf 69' lang='lat' dir='ltr'><strong>Hispaniarum</strong></span> 
     </span>
    </p>

    <p class='ocr_par' dir='ltr' id='par_1_11' title="bbox 459 2555 1839 2655">
     <span class='ocr_line' id='line_1_14' title="bbox 459 2555 1839 2655; baseline 0.001 -23"><span class='ocrx_word' id='word_1_61' title='bbox 459 2593 462 2600; x_wconf 56' lang='grc'><strong><em>»</em></strong></span> <span class='ocrx_word' id='word_1_62' title='bbox 503 2557 724 2634; x_wconf 86' lang='lat' dir='ltr'><strong>Franciscus</strong></span> <span class='ocrx_word' id='word_1_63' title='bbox 737 2558 908 2649; x_wconf 85' lang='lat' dir='ltr'><strong>Ursinus,</strong></span> <span class='ocrx_word' id='word_1_64' title='bbox 924 2557 1250 2653; x_wconf 88' lang='lat' dir='ltr'><strong>prothonotarius,</strong></span> <span class='ocrx_word' id='word_1_65' title='bbox 1280 2555 1406 2631; x_wconf 84' lang='lat' dir='ltr'><strong>affinis</strong></span> <span class='ocrx_word' id='word_1_66' title='bbox 1434 2558 1572 2652; x_wconf 84' lang='lat' dir='ltr'><strong>Papae,</strong></span> <span class='ocrx_word' id='word_1_67' title='bbox 1592 2558 1714 2655; x_wconf 88' lang='lat' dir='ltr'><strong>pridie</strong></span> <span class='ocrx_word' id='word_1_68' title='bbox 1729 2557 1839 2633; x_wconf 89' lang='lat' dir='ltr'><strong>miles</strong></span> 
     </span>
    </p>

    <p class='ocr_par' dir='ltr' id='par_1_12' title="bbox 503 2697 1707 2794">
     <span class='ocr_line' id='line_1_15' title="bbox 503 2697 1707 2794; baseline 0.001 -23"><span class='ocrx_word' id='word_1_69' title='bbox 503 2697 647 2774; x_wconf 88' lang='lat' dir='ltr'><strong>Paulus</strong></span> <span class='ocrx_word' id='word_1_70' title='bbox 675 2698 721 2774; x_wconf 94' lang='lat' dir='ltr'><strong>de</strong></span> <span class='ocrx_word' id='word_1_71' title='bbox 749 2698 886 2790; x_wconf 85' lang='lat' dir='ltr'><strong>(laesis,</strong></span> <span class='ocrx_word' id='word_1_72' title='bbox 914 2697 1240 2794; x_wconf 86' lang='lat' dir='ltr'><strong>prothonotarius,</strong></span> <span class='ocrx_word' id='word_1_73' title='bbox 1268 2719 1402 2794; x_wconf 86' lang='lat' dir='ltr'><strong>regens</strong></span> <span class='ocrx_word' id='word_1_74' title='bbox 1439 2697 1707 2774; x_wconf 82' lang='lat' dir='ltr'><strong>cancellariam</strong></span> 
     </span>
    </p>

    <p class='ocr_par' dir='ltr' id='par_1_13' title="bbox 503 2832 1679 2934">
     <span class='ocr_line' id='line_1_16' title="bbox 503 2832 1679 2934; baseline 0.001 -22"><span class='ocrx_word' id='word_1_75' title='bbox 503 2838 718 2916; x_wconf 80' lang='lat' dir='ltr'><strong>Alexander</strong></span> <span class='ocrx_word' id='word_1_76' title='bbox 746 2841 792 2914; x_wconf 91' lang='lat' dir='ltr'><strong>de</strong></span> <span class='ocrx_word' id='word_1_77' title='bbox 820 2838 1017 2929; x_wconf 85' lang='lat' dir='ltr'><strong>Oesarinis,</strong></span> <span class='ocrx_word' id='word_1_78' title='bbox 1046 2838 1373 2934; x_wconf 88' lang='lat' dir='ltr'><strong>prothonotarins,</strong></span> <span class='ocrx_word' id='word_1_79' title='bbox 1402 2862 1583 2913; x_wconf 86' lang='lat' dir='ltr'><strong>romanus</strong></span> <span class='ocrx_word' id='word_1_80' title='bbox 1674 2832 1679 2842; x_wconf 85' lang='lat'>&#39;</span> 
     </span>
    </p>

    <p class='ocr_par' dir='ltr' id='par_1_14' title="bbox 398 2977 1841 3214">
     <span class='ocr_line' id='line_1_17' title="bbox 502 2977 1841 3076; baseline -0.001 -22"><span class='ocrx_word' id='word_1_81' title='bbox 502 2980 670 3054; x_wconf 78' lang='lat' dir='ltr'><strong>loannes</strong></span> <span class='ocrx_word' id='word_1_82' title='bbox 697 2979 744 3054; x_wconf 89' lang='lat' dir='ltr'><strong>de</strong></span> <span class='ocrx_word' id='word_1_83' title='bbox 773 2979 945 3070; x_wconf 74' lang='lat' dir='ltr'><strong>scivisti,</strong></span> <span class='ocrx_word' id='word_1_84' title='bbox 974 2979 1300 3076; x_wconf 89' lang='lat' dir='ltr'><strong>prothonotarius,</strong></span> <span class='ocrx_word' id='word_1_85' title='bbox 1335 2977 1462 3055; x_wconf 81' lang='lat' dir='ltr'><strong>affinis</strong></span> <span class='ocrx_word' id='word_1_86' title='bbox 1502 2978 1642 3076; x_wconf 87' lang='lat' dir='ltr'><strong>Papae,</strong></span> <span class='ocrx_word' id='word_1_87' title='bbox 1670 2979 1841 3055; x_wconf 90' lang='lat' dir='ltr'><strong>florenti·</strong></span> 
     </span>
     <span class='ocr_line' id='line_1_18' title="bbox 398 3121 691 3214; baseline -0.007 -16"><span class='ocrx_word' id='word_1_88' title='bbox 398 3146 481 3214; x_wconf 76' lang='lat' dir='ltr'><strong>urus,</strong></span> <span class='ocrx_word' id='word_1_89' title='bbox 511 3121 691 3198; x_wconf 86' lang='lat' dir='ltr'><strong>imberbis</strong></span> 
     </span>
    </p>

    <p class='ocr_par' dir='ltr' id='par_1_15' title="bbox 394 3264 1841 3502">
     <span class='ocr_line' id='line_1_19' title="bbox 504 3264 1841 3363; baseline -0.003 -21"><span class='ocrx_word' id='word_1_90' title='bbox 504 3267 684 3352; x_wconf 79' lang='lat' dir='ltr'><strong>Nicotaus</strong></span> <span class='ocrx_word' id='word_1_91' title='bbox 712 3264 759 3342; x_wconf 93' lang='lat' dir='ltr'><strong>de</strong></span> <span class='ocrx_word' id='word_1_92' title='bbox 785 3264 1008 3363; x_wconf 81' lang='lat' dir='ltr'><strong>Rodulphis,</strong></span> <span class='ocrx_word' id='word_1_93' title='bbox 1024 3265 1348 3361; x_wconf 90' lang='lat' dir='ltr'><strong>prothonotarius,</strong></span> <span class='ocrx_word' id='word_1_94' title='bbox 1364 3264 1490 3341; x_wconf 84' lang='lat' dir='ltr'><strong>affinis</strong></span> <span class='ocrx_word' id='word_1_95' title='bbox 1516 3265 1654 3362; x_wconf 89' lang='lat' dir='ltr'><strong>Papae,</strong></span> <span class='ocrx_word' id='word_1_96' title='bbox 1670 3264 1841 3340; x_wconf 89' lang='lat' dir='ltr'><strong>florenti·</strong></span> 
     </span>
     <span class='ocr_line' id='line_1_20' title="bbox 394 3410 702 3502; baseline 0 -16"><span class='ocrx_word' id='word_1_97' title='bbox 394 3434 482 3502; x_wconf 88' lang='lat' dir='ltr'><strong>nus,</strong></span> <span class='ocrx_word' id='word_1_98' title='bbox 520 3410 702 3488; x_wconf 90' lang='lat' dir='ltr'><strong>imberbis</strong></span> 
     </span>
    </p>

    <p class='ocr_par' dir='ltr' id='par_1_16' title="bbox 398 3549 1843 3769">
     <span class='ocr_line' id='line_1_21' title="bbox 500 3549 1843 3650; baseline -0.001 -26"><span class='ocrx_word' id='word_1_99' title='bbox 500 3551 687 3628; x_wconf 82' lang='lat' dir='ltr'><strong>&#39;Hercules</strong></span> <span class='ocrx_word' id='word_1_100' title='bbox 713 3552 946 3649; x_wconf 79' lang='lat' dir='ltr'><strong>Raugouius,</strong></span> <span class='ocrx_word' id='word_1_101' title='bbox 961 3551 1287 3650; x_wconf 85' lang='lat' dir='ltr'><strong>prothonotarius,</strong></span> <span class='ocrx_word' id='word_1_102' title='bbox 1308 3549 1565 3627; x_wconf 80' lang='lat' dir='ltr'><strong>cubicularius</strong></span> <span class='ocrx_word' id='word_1_103' title='bbox 1594 3549 1734 3648; x_wconf 85' lang='lat' dir='ltr'><strong>Papae,</strong></span> <span class='ocrx_word' id='word_1_104' title='bbox 1758 3574 1843 3625; x_wconf 91' lang='lat' dir='ltr'><strong>mu·</strong></span> 
     </span>
     <span class='ocr_line' id='line_1_22' title="bbox 398 3692 559 3769; baseline 0.012 -2"><span class='ocrx_word' id='word_1_105' title='bbox 398 3692 559 3769; x_wconf 73' lang='lat' dir='ltr'><strong>binensis</strong></span> 
     </span>
    </p>

    <p class='ocr_par' dir='ltr' id='par_1_17' title="bbox 400 3833 1841 4060">
     <span class='ocr_line' id='line_1_23' title="bbox 504 3833 1841 3933; baseline 0.001 -24"><span class='ocrx_word' id='word_1_106' title='bbox 504 3834 743 3933; x_wconf 78' lang='lat' dir='ltr'><strong>Augustinus</strong></span> <span class='ocrx_word' id='word_1_107' title='bbox 782 3835 1007 3927; x_wconf 80' lang='lat' dir='ltr'><strong>PrivuItius,</strong></span> <span class='ocrx_word' id='word_1_108' title='bbox 1046 3835 1371 3932; x_wconf 84' lang='lat' dir='ltr'><strong>prothonotarius,</strong></span> <span class='ocrx_word' id='word_1_109' title='bbox 1401 3834 1660 3912; x_wconf 87' lang='lat' dir='ltr'><strong>cubicularius</strong></span> <span class='ocrx_word' id='word_1_110' title='bbox 1701 3833 1841 3932; x_wconf 88' lang='lat' dir='ltr'><strong>Papae,</strong></span> 
     </span>
     <span class='ocr_line' id='line_1_24' title="bbox 400 3982 695 4060; baseline 0.003 -2"><span class='ocrx_word' id='word_1_111' title='bbox 400 3982 695 4060; x_wconf 88' lang='lat' dir='ltr'><strong>medionalensis</strong></span> 
     </span>
    </p>

    <p class='ocr_par' dir='ltr' id='par_1_18' title="bbox 506 4126 1682 4226">
     <span class='ocr_line' id='line_1_25' title="bbox 506 4126 1682 4226; baseline 0 -24"><span class='ocrx_word' id='word_1_112' title='bbox 506 4127 726 4205; x_wconf 82' lang='lat' dir='ltr'><strong>Franciscus</strong></span> <span class='ocrx_word' id='word_1_113' title='bbox 754 4126 926 4221; x_wconf 91' lang='lat' dir='ltr'><strong>Pisanus,</strong></span> <span class='ocrx_word' id='word_1_114' title='bbox 952 4130 1126 4219; x_wconf 85' lang='lat' dir='ltr'><strong>venetus,</strong></span> <span class='ocrx_word' id='word_1_115' title='bbox 1161 4127 1513 4226; x_wconf 89' lang='lat' dir='ltr'><strong>prothonotharius,</strong></span> <span class='ocrx_word' id='word_1_116' title='bbox 1543 4128 1682 4205; x_wconf 88' lang='lat' dir='ltr'><strong>absens</strong></span> 
     </span>
    </p>

    <p class='ocr_par' dir='ltr' id='par_1_19' title="bbox 505 4247 1760 4367">
     <span class='ocr_line' id='line_1_26' title="bbox 505 4247 1760 4367; baseline -0.001 -23"><span class='ocrx_word' id='word_1_117' title='bbox 505 4269 722 4367; x_wconf 79' lang='lat' dir='ltr'><strong>Alpheusns</strong></span> <span class='ocrx_word' id='word_1_118' title='bbox 749 4271 875 4344; x_wconf 87' lang='lat' dir='ltr'><strong>iniens</strong></span> <span class='ocrx_word' id='word_1_119' title='bbox 902 4247 1174 4365; x_wconf 84' lang='lat' dir='ltr'><strong>Portugalliae,</strong></span> <span class='ocrx_word' id='word_1_120' title='bbox 1203 4292 1392 4344; x_wconf 86' lang='lat' dir='ltr'><strong>annornm</strong></span> <span class='ocrx_word' id='word_1_121' title='bbox 1429 4271 1587 4364; x_wconf 86' lang='lat' dir='ltr'><strong>septem,</strong></span> <span class='ocrx_word' id='word_1_122' title='bbox 1623 4270 1760 4344; x_wconf 90' lang='lat' dir='ltr'><strong>absens</strong></span> 
     </span>
    </p>
   </div>
   <div class='ocr_carea' id='block_1_4' title="bbox 400 4551 2047 4917">
    <p class='ocr_par' dir='ltr' id='par_1_20' title="bbox 400 4551 2047 4917">
     <span class='ocr_line' id='line_1_27' title="bbox 507 4551 2047 4652; baseline -0.005 -20"><span class='ocrx_word' id='word_1_123' title='bbox 507 4557 579 4634; x_wconf 89' lang='lat' dir='ltr'><strong>Die</strong></span> <span class='ocrx_word' id='word_1_124' title='bbox 606 4555 755 4633; x_wconf 88' lang='lat' dir='ltr'><strong>veneris</strong></span> <span class='ocrx_word' id='word_1_125' title='bbox 782 4559 900 4633; x_wconf 90' lang='lat' dir='ltr'><strong>tertia</strong></span> <span class='ocrx_word' id='word_1_126' title='bbox 922 4556 1012 4652; x_wconf 89' lang='lat' dir='ltr'><strong>julii</strong></span> <span class='ocrx_word' id='word_1_127' title='bbox 1038 4557 1116 4632; x_wconf 86' lang='lat' dir='ltr'><strong>fuit</strong></span> <span class='ocrx_word' id='word_1_128' title='bbox 1156 4555 1350 4652; x_wconf 90' lang='lat' dir='ltr'><strong>publicum</strong></span> <span class='ocrx_word' id='word_1_129' title='bbox 1387 4554 1656 4631; x_wconf 69' lang='lat' dir='ltr'><strong>consistorium</strong></span> <span class='ocrx_word' id='word_1_130' title='bbox 1684 4553 1722 4629; x_wconf 90' lang='lat' dir='ltr'><strong>in</strong></span> <span class='ocrx_word' id='word_1_131' title='bbox 1752 4552 1843 4628; x_wconf 90' lang='lat' dir='ltr'><strong>aula</strong></span> <span class='ocrx_word' id='word_1_132' title='bbox 1869 4551 2047 4615; x_wconf 72' lang='lat' dir='ltr'><strong>serasar.</strong></span> 
     </span>
     <span class='ocr_line' id='line_1_28' title="bbox 400 4696 1842 4797; baseline -0.001 -26"><span class='ocrx_word' id='word_1_133' title='bbox 400 4698 516 4774; x_wconf 90' lang='lat' dir='ltr'><strong>solita</strong></span> <span class='ocrx_word' id='word_1_134' title='bbox 544 4699 610 4772; x_wconf 92' lang='lat' dir='ltr'><strong>ubi</strong></span> <span class='ocrx_word' id='word_1_135' title='bbox 638 4698 849 4776; x_wconf 87' lang='lat' dir='ltr'><strong>cardinales</strong></span> <span class='ocrx_word' id='word_1_136' title='bbox 875 4699 1060 4797; x_wconf 87' lang='lat' dir='ltr'><strong>praedicti</strong></span> <span class='ocrx_word' id='word_1_137' title='bbox 1086 4698 1249 4796; x_wconf 84' lang='lat' dir='ltr'><strong>triginta</strong></span> <span class='ocrx_word' id='word_1_138' title='bbox 1275 4701 1316 4774; x_wconf 90' lang='lat' dir='ltr'><strong>et</strong></span> <span class='ocrx_word' id='word_1_139' title='bbox 1334 4721 1445 4790; x_wconf 77' lang='lat' dir='ltr'><strong>unus,</strong></span> <span class='ocrx_word' id='word_1_140' title='bbox 1466 4697 1651 4774; x_wconf 90' lang='lat' dir='ltr'><strong>declarati</strong></span> <span class='ocrx_word' id='word_1_141' title='bbox 1678 4699 1720 4774; x_wconf 86' lang='lat' dir='ltr'><strong>et</strong></span> <span class='ocrx_word' id='word_1_142' title='bbox 1747 4696 1842 4793; x_wconf 93' lang='lat' dir='ltr'><strong>pub·</strong></span> 
     </span>
     <span class='ocr_line' id='line_1_29' title="bbox 403 4839 732 4917; baseline 0.009 -3"><span class='ocrx_word' id='word_1_143' title='bbox 403 4839 535 4916; x_wconf 85' lang='lat' dir='ltr'><strong>blicati</strong></span> <span class='ocrx_word' id='word_1_144' title='bbox 563 4840 732 4917; x_wconf 83' lang='lat' dir='ltr'><strong>luerunt.</strong></span> 
     </span>
    </p>
   </div>
   <div class='ocr_carea' id='block_1_5' title="bbox 404 5123 2013 5524">
    <p class='ocr_par' dir='ltr' id='par_1_21' title="bbox 404 5123 2013 5524">
     <span class='ocr_line' id='line_1_30' title="bbox 509 5123 2013 5232; baseline -0.002 -25"><span class='ocrx_word' id='word_1_145' title='bbox 509 5129 580 5210; x_wconf 90' lang='lat' dir='ltr'><strong>Die</strong></span> <span class='ocrx_word' id='word_1_146' title='bbox 608 5129 797 5214; x_wconf 89' lang='lat' dir='ltr'><strong>dominica</strong></span> <span class='ocrx_word' id='word_1_147' title='bbox 823 5134 962 5232; x_wconf 88' lang='lat' dir='ltr'><strong>quinta</strong></span> <span class='ocrx_word' id='word_1_148' title='bbox 997 5132 1087 5229; x_wconf 89' lang='lat' dir='ltr'><strong>julii</strong></span> <span class='ocrx_word' id='word_1_149' title='bbox 1128 5157 1212 5212; x_wconf 89' lang='lat' dir='ltr'><strong>cum</strong></span> <span class='ocrx_word' id='word_1_150' title='bbox 1255 5133 1404 5210; x_wconf 84' lang='lat' dir='ltr'><strong>videret</strong></span> <span class='ocrx_word' id='word_1_151' title='bbox 1445 5133 1551 5229; x_wconf 84' lang='lat' dir='ltr'><strong>Papa</strong></span> <span class='ocrx_word' id='word_1_152' title='bbox 1590 5154 1669 5208; x_wconf 91' lang='lat' dir='ltr'><strong>non</strong></span> <span class='ocrx_word' id='word_1_153' title='bbox 1709 5129 1845 5208; x_wconf 89' lang='lat' dir='ltr'><strong>haberi</strong></span> <span class='ocrx_word' id='word_1_154' title='bbox 1872 5123 1894 5184; x_wconf 75' lang='lat' dir='ltr'><strong>f·</strong></span> <span class='ocrx_word' id='word_1_155' title='bbox 1912 5125 1967 5184; x_wconf 72' lang='lat'><strong>²⁸⁴</strong></span> <span class='ocrx_word' id='word_1_156' title='bbox 1985 5142 2013 5184; x_wconf 68' lang='lat' dir='ltr'><strong>V·</strong></span> 
     </span>
     <span class='ocr_line' id='line_1_31' title="bbox 404 5275 1844 5376; baseline -0.002 -24"><span class='ocrx_word' id='word_1_157' title='bbox 404 5276 540 5352; x_wconf 85' lang='lat' dir='ltr'><strong>titulos</strong></span> <span class='ocrx_word' id='word_1_158' title='bbox 567 5279 634 5374; x_wconf 90' lang='lat' dir='ltr'><strong>qui</strong></span> <span class='ocrx_word' id='word_1_159' title='bbox 660 5283 816 5375; x_wconf 80' lang='lat' dir='ltr'><strong>possent</strong></span> <span class='ocrx_word' id='word_1_160' title='bbox 833 5281 896 5354; x_wconf 89' lang='lat' dir='ltr'><strong>tot</strong></span> <span class='ocrx_word' id='word_1_161' title='bbox 914 5279 1169 5355; x_wconf 90' lang='lat' dir='ltr'><strong>cardinalibus</strong></span> <span class='ocrx_word' id='word_1_162' title='bbox 1188 5278 1299 5355; x_wconf 83' lang='lat' dir='ltr'><strong>novis</strong></span> <span class='ocrx_word' id='word_1_163' title='bbox 1326 5277 1523 5376; x_wconf 80' lang='lat' dir='ltr'><strong>assignari,</strong></span> <span class='ocrx_word' id='word_1_164' title='bbox 1545 5275 1744 5352; x_wconf 88' lang='lat' dir='ltr'><strong>mandavit</strong></span> <span class='ocrx_word' id='word_1_165' title='bbox 1772 5276 1844 5349; x_wconf 85' lang='lat' dir='ltr'><strong>Pa·</strong></span> 
     </span>
     <span class='ocr_line' id='line_1_32' title="bbox 406 5419 1841 5524; baseline -0.002 -27"><span class='ocrx_word' id='word_1_166' title='bbox 406 5421 476 5497; x_wconf 91' lang='lat' dir='ltr'><strong>ridi</strong></span> <span class='ocrx_word' id='word_1_167' title='bbox 519 5424 564 5497; x_wconf 90' lang='lat' dir='ltr'><strong>ut</strong></span> <span class='ocrx_word' id='word_1_168' title='bbox 605 5445 685 5500; x_wconf 88' lang='lat' dir='ltr'><strong>rem</strong></span> <span class='ocrx_word' id='word_1_169' title='bbox 726 5423 969 5524; x_wconf 83' lang='lat' dir='ltr'><strong>expenderet,</strong></span> <span class='ocrx_word' id='word_1_170' title='bbox 1012 5425 1053 5500; x_wconf 93' lang='lat' dir='ltr'><strong>et</strong></span> <span class='ocrx_word' id='word_1_171' title='bbox 1093 5425 1184 5522; x_wconf 89' lang='lat' dir='ltr'><strong>quid</strong></span> <span class='ocrx_word' id='word_1_172' title='bbox 1225 5445 1294 5500; x_wconf 92' lang='lat' dir='ltr'><strong>suo</strong></span> <span class='ocrx_word' id='word_1_173' title='bbox 1326 5422 1473 5519; x_wconf 87' lang='lat' dir='ltr'><strong>judicio</strong></span> <span class='ocrx_word' id='word_1_174' title='bbox 1506 5419 1723 5499; x_wconf 86' lang='lat' dir='ltr'><strong>faciendum</strong></span> <span class='ocrx_word' id='word_1_175' title='bbox 1759 5439 1841 5495; x_wconf 80' lang='lat' dir='ltr'><strong>esse</strong></span> 
     </span>
    </p>
   </div>
   <div class='ocr_carea' id='block_1_6' title="bbox 0 0 2499 6352">
    <p class='ocr_par' dir='ltr' id='par_1_22' title="bbox 0 0 2499 6352">
     <span class='ocr_line' id='line_1_33' title="bbox 0 0 2499 6352; baseline 0 0"><span class='ocrx_word' id='word_1_176' title='bbox 0 0 2499 6352; x_wconf 95' lang='lat' dir='ltr'><strong> </strong></span> 
     </span>
    </p>
   </div>
  </div>
 </body>
</html>
