4970 6352
824 687 1354 736 mmmmmnmm.
1771 665 1814 732 Μ

384 929 592 1008 processus,
621 930 736 1004 quarn
765 908 921 1006 propter
939 906 1122 984 clamores
1150 908 1191 982 et
1219 906 1322 982 rixas
1341 906 1380 980 in
1400 905 1625 981 consistorio
1648 903 1814 998 habites,

378 1075 468 1126 nam
497 1054 589 1126 sunt
616 1049 850 1125 extrinsecus
869 1047 993 1123 auditi
1012 1049 1198 1124 clamores
1218 1048 1356 1124 mutui.
1391 1047 1611 1122 cardinales
1638 1067 1814 1143 praesen·
1899 1063 1903 1072 ·

373 1197 432 1268 tes
460 1187 668 1291 privationi
687 1191 845 1266 fuerunt
862 1191 1071 1266 duodecim.
1107 1191 1350 1266 Sententiam
1375 1191 1471 1287 legit
1498 1191 1674 1265 dominus
1702 1190 1814 1265 Bem-

374 1336 445 1410 bus
473 1339 648 1428 venetus,
677 1335 942 1432 praesentibus
969 1334 1129 1408 tautum
1158 1333 1308 1409 duobus
1345 1334 1523 1426 testibus,
1553 1332 1733 1409 videlicet
1751 1333 1817 1408 Jo-

374 1501 473 1554 anne
501 1479 611 1576 Oopis
638 1483 850 1556 correctore
877 1478 1135 1571 cancellariae,
1164 1482 1207 1556 et
1239 1478 1413 1577 episcopo
1442 1478 1651 1555 albanensi.

479 1764 550 1842 Die
577 1764 766 1841 dominica
793 1765 834 1840 in
860 1763 993 1862 vigilia
1018 1787 1048 1841 s.
1078 1764 1184 1840 Petri
1213 1763 1376 1840 fuerunt
1396 1785 1578 1861 vesperae
1605 1763 1759 1863 papales
1777 1763 1818 1839 in
1844 1783 1907 1845 rel.
1926 1785 2021 1842 amr.

372 1909 529 1987 basilica
565 1911 614 1986 ad
642 1934 737 2007 quas
764 1909 870 2009 Papa
887 1909 1041 2007 praeter
1061 1907 1232 1984 omnium
1250 1929 1356 2006 spem
1374 1908 1494 2003 venit,
1513 1907 1697 2006 quoniam
1720 1907 1817 2006 ipse·

373 2058 454 2131 met
481 2054 632 2132 dixerat
659 2077 699 2132 se
728 2077 805 2129 non
833 2054 873 2128 in
901 2053 1097 2150 publicum
1126 2051 1319 2129 exiturum
1347 2055 1504 2152 propter
1526 2053 1697 2130 facinora
1718 2073 1818 2150 quae

373 2200 420 2277 de
448 2203 572 2278 tribus
609 2165 864 2279 cardinalibus
892 2198 1013 2314 captis
1041 2197 1343 2274 intervenerunt.
1365 2197 1501 2296 Itaque
1521 2177 1630 2274 venit
1648 2197 1817 2296 stipatus
1910 2281 1913 2288 ,

375 2345 506 2420 multis
533 2345 766 2421 satellitibus
794 2347 835 2420 et
861 2343 933 2420 viis
961 2343 1121 2419 munitis
1149 2343 1414 2441 undequaque.
1443 2345 1632 2441 Vesperae
1659 2343 1819 2420 fuerunt

373 2488 521 2564 solitae.
551 2487 595 2561 ln
624 2487 685 2562 die
713 2486 868 2560 missam
910 2484 1120 2560 celebravit
1146 2506 1225 2559 non
1252 2484 1357 2581 Papa
1384 2485 1450 2560 sed
1487 2484 1689 2560 cardinalis
1732 2483 1815 2558 Gri-

372 2653 508 2704 manus
537 2631 575 2705 in
612 2631 744 2705 sancto
782 2628 910 2720 Petro,
936 2627 1136 2724 praesente
1174 2625 1279 2724 Papa
1306 2630 1348 2701 et
1374 2625 1633 2702 cardinalibus
1674 2625 1814 2702 duode-

372 2771 456 2846 cim.
486 2772 602 2846 Missa
620 2772 698 2845 fuit
721 2773 848 2862 solita,
869 2774 910 2846 et
928 2771 966 2845 in
987 2770 1062 2844 line
1079 2770 1251 2866 plenaria
1270 2769 1523 2866 indulgentia.
1552 2771 1703 2866 Equum
1722 2769 1814 2866 pha·

372 2914 537 2988 leratum
565 2912 828 3007 praesentavit
856 2913 986 2986 orator
1004 2911 1188 3008 hispanus
1213 2911 1411 3009 episcopus
1430 2912 1471 2986 in
1490 2913 1626 3005 forma,
1651 2915 1692 2988 et
1709 2911 1816 3009 Papa

372 3054 439 3152 qui
467 3053 571 3154 prius
599 3054 728 3130 fuerat
755 3053 984 3129 informatus
1011 3054 1060 3128 ab
1089 3053 1278 3131 advocato
1298 3055 1418 3132 fiscali
1436 3058 1483 3130 ut
1500 3055 1686 3153 reciperet
1703 3053 1814 3130 illum

374 3200 456 3277 sine
483 3199 730 3299 praejudicio,
744 3200 831 3274 risit
858 3198 985 3274 dicens
1005 3197 1236 3276 advocatum
1263 3199 1359 3274 nihil
1388 3200 1604 3297 intelligere
1631 3199 1812 3298 quoniam

373 3367 460 3421 cum
487 3344 649 3442 ipsemet
676 3345 781 3441 Papa
808 3343 1052 3420 investiverit
1087 3365 1217 3442 regem
1248 3344 1464 3444 hispanum,
1494 3346 1536 3423 et
1567 3343 1718 3420 nullum
1745 3341 1813 3419 ha·

372 3487 464 3562 beat
490 3487 822 3578 contradictorem,
837 3509 914 3561 non
943 3487 1107 3563 debebat
1125 3485 1251 3564 dicere
1280 3489 1353 3566 nisi
1371 3490 1595 3588 simpliciter
1621 3486 1811 3588 videlicet:

372 3633 585 3706 admittimus
609 3639 709 3725 proto
735 3631 861 3720 eninm,
889 3631 1005 3725 prout
1032 3629 1142 3723 dixit,
1171 3633 1212 3705 et
1239 3629 1394 3706 admisit
1433 3630 1482 3708 de
1515 3653 1591 3727 quo
1619 3631 1709 3705 actu
1736 3628 1814 3703 fuit

372 3774 530 3870 rogatus
557 3772 733 3848 dominus
760 3773 936 3848 Donatus
964 3772 1139 3848 notarius
1165 3792 1353 3849 camerae.

478 4059 550 4137 Die
577 4058 727 4136 veneris
756 4057 1051 4155 vigesimasexta
1073 4057 1186 4155 junii,
1230 4057 1336 4154 Papa
1363 4055 1472 4135 dedit
1506 4055 1684 4132 habitum
1723 4078 1810 4152 pro·
1837 4072 1967 4142 aanor

371 4203 678 4281 thonotariorum
708 4201 899 4298 aliquibus
927 4200 1005 4275 suis
1034 4199 1255 4276 domesticis
1284 4202 1415 4276 animo
1443 4222 1508 4277 eos
1535 4199 1699 4277 faciendi
1729 4222 1810 4277 car·

370 4350 530 4443 dinales,
546 4372 632 4426 cum
648 4347 734 4426 aliis
762 4347 905 4440 multis,
925 4346 971 4421 ut
989 4344 1080 4421 novi
1108 4344 1321 4424 cardinales
1349 4346 1481 4423 essent
1498 4367 1658 4423 numero
1685 4344 1810 4444 vigin-

370 4498 562 4595 tiseptem.
606 4493 727 4592 Super
753 4493 825 4568 hac
851 4513 893 4567 re
930 4490 1143 4569 cardinales
1185 4491 1316 4589 aliqua
1356 4489 1697 4568 animadvertenda
1728 4512 1811 4568 esse

371 4639 613 4731 censuerunt,
641 4637 707 4713 sed
743 4639 877 4732 postea
918 4636 1139 4710 annuerunt
1182 4637 1293 4734 plene
1320 4635 1509 4711 Pontifici.
1538 4635 1682 4711 Verum
1723 4656 1810 4711 cum

371 4783 467 4860 hora
492 4781 606 4858 tarda
633 4781 744 4874 esset,
759 4779 868 4877 quasi
895 4776 1221 4876 vigesimaquarta
1249 4777 1299 4854 ad
1328 4778 1495 4878 primum
1518 4777 1696 4852 futurum
1723 4797 1810 4852 con·

370 4927 567 5002 sistorium
596 4925 718 5000 dilata
745 4927 804 5000 est
831 4921 975 4999 creatio
995 4945 1183 4997 novorum
1212 4921 1475 5012 cardinalium,
1504 4920 1622 5017 quisi
1647 4941 1726 4994 non
1753 4940 1810 4995 es·

369 5063 455 5139 sent
482 5081 642 5136 numero
668 5037 965 5157 vigintiseptem,
992 5065 1128 5141 saltem
1158 5087 1227 5163 pro
1247 5085 1349 5140 nunc
1366 5062 1494 5138 forent
1521 5059 1720 5138 duodecim
1741 5063 1812 5138 aut

370 5206 597 5304 quindecim,
613 5209 810 5282 reservata
837 5207 1000 5282 aliorum
1029 5211 1225 5286 creatione
1252 5208 1301 5283 ad
1330 5207 1435 5282 aliud
1455 5209 1607 5304 tempus
1630 5209 1721 5283 ante
1754 5207 1808 5283 fe·

369 5351 473 5423 stum
503 5348 734 5425 Nativitatis
761 5348 914 5425 Christi.
