4970 6352
865 488 898 534 ru
922 487 1037 534 nraaro
1060 487 1096 533 or
1119 484 1202 534 ruer
1225 486 1337 532 uacua
1361 487 1393 533 x.
1808 465 1852 533 33

525 707 571 784 In
599 706 733 804 vigilia
761 705 1001 783 Ascensionis
1028 706 1068 780 in
1096 705 1270 804 cappella
1306 704 1442 804 palatii
1479 705 1639 780 luerunt
1673 728 1853 804 vesperae
1879 707 1943 769 Μ
1962 712 2015 768 1⁶⁰
2032 729 2056 768 r·

415 853 463 927 ad
492 875 588 949 quas
615 853 721 948 Papa
747 851 866 928 venit.
896 853 941 926 Iu
969 851 1029 927 die
1057 854 1193 926 autem
1220 850 1346 927 dictae
1375 849 1631 926 solemnitatis
1659 851 1853 926 celebrata

415 995 492 1071 luit
519 995 634 1071 missa
662 996 700 1070 in
728 995 886 1070 basilica
913 1017 980 1092 per
1007 994 1241 1070 cardinalem
1268 993 1493 1074 Grimanum
1515 993 1733 1090 episcopum
1766 1015 1852 1089 por-

414 1140 601 1226 tuensem,
630 1136 909 1212 interveniente
940 1134 1138 1227 Pontifice,
1167 1136 1233 1230 qui
1268 1134 1307 1209 in
1337 1134 1425 1210 sede
1454 1135 1531 1208 fuit
1561 1137 1737 1230 gestatus
1746 1156 1755 1224 ;
1785 1134 1853 1232 qui

414 1281 502 1374 post
527 1281 682 1354 missam
709 1279 808 1354 vidit
822 1280 983 1354 Vultum
1011 1280 1197 1366 sanctum,
1218 1278 1258 1350 et
1286 1274 1420 1348 deinde
1453 1275 1603 1348 delatus
1631 1275 1681 1348 ad
1708 1276 1852 1372 logiam

413 1420 633 1518 impertitus
662 1423 721 1497 est
748 1419 889 1516 populo
908 1418 1116 1494 solemnem
1137 1411 1453 1503 benedictionem,
1473 1417 1514 1488 et
1533 1413 1608 1489 duo
1638 1415 1851 1490 cardinales

413 1585 548 1659 nempe
576 1562 847 1640 Sansevarinas
876 1561 916 1636 in
943 1563 1079 1656 latino,
1108 1557 1312 1635 Parnasius
1333 1557 1372 1633 in
1391 1557 1542 1654 vulgari
1571 1558 1852 1657 indulgentiam

413 1705 623 1800 plenariam
651 1704 955 1801 publicaverunt.

518 1990 564 2065 In
591 1989 651 2066 die
678 1987 852 2086 Corporis
879 1986 1020 2064 Christi
1046 2010 1114 2084 pro
1150 1988 1311 2064 solemni
1346 1990 1594 2085 processione,
1623 1991 1775 2088 praeter
1803 2012 1851 2068 aa
1877 1983 1971 2046 21⁷⁰
1987 2003 2012 2046 ¹·

412 2155 509 2228 quae
550 2153 655 2208 more
701 2133 815 2207 solito
856 2151 1007 2206 servare
1055 2129 1196 2206 debent
1240 2129 1318 2220 alia
1358 2134 1564 2208 occurrunt
1607 2132 1849 2210 recensenda.

413 2273 514 2348 Nam
542 2276 735 2349 statutum
763 2274 839 2347 luit
865 2247 1013 2347 funalia
1041 2296 1064 2347 a
1092 2272 1351 2347 cardinalibus
1386 2274 1573 2369 gestanda
1602 2296 1726 2371 neque
1753 2275 1849 2351 adeo

410 2414 571 2512 grandia
598 2437 679 2491 esse
707 2436 828 2510 posse,
844 2434 966 2508 nequa
994 2435 1081 2488 curn
1108 2413 1230 2486 tantis
1249 2412 1414 2508 phaleris
1434 2417 1475 2488 ot
1492 2415 1764 2510 appendiculis,
1783 2414 1849 2491 sed

410 2555 506 2629 talia
533 2577 631 2651 quae
659 2557 785 2630 essent
811 2553 987 2652 ponderis
1002 2575 1068 2628 sex
1094 2553 1279 2627 librarum
1309 2553 1497 2648 aequalia,
1518 2558 1676 2650 atquae
1700 2577 1768 2650 pro
1789 2578 1849 2630 or·

410 2701 591 2775 namento
619 2700 775 2774 tantum
802 2697 950 2793 aliquos
977 2697 1089 2772 flores
1116 2696 1313 2784 baberent3
1345 2696 1494 2772 funalia
1512 2719 1603 2774 vero
1623 2697 1849 2775 inferiorum

410 2841 671 2937 praelatorum
699 2838 857 2914 minoris
884 2837 1160 2936 magnitudinis
1187 2859 1271 2915 essa
1299 2836 1446 2915 debere.
1477 2840 1683 2948 Praeterea
1714 2840 1848 2937 pracli·

409 2985 514 3060 nitus
540 2985 617 3059 fuit
640 2984 732 3057 ordo
760 2982 969 3057 servandus
997 3005 1021 3054 a
1048 2982 1197 3056 duobus
1224 2980 1405 3076 collegiis,
1433 3002 1569 3078 nempe
1597 2983 1847 3060 cubiculario·

409 3150 495 3201 rum
523 3129 564 3202 et
590 3124 858 3202 scutiferorum
885 3122 1156 3220 palatinorum.
1185 3122 1287 3198 Illud
1315 3125 1448 3199 autem
1480 3124 1758 3222 praescriptum
1788 3129 1850 3204 est

410 3273 455 3346 ut
495 3269 673 3367 descripti
713 3267 935 3346 cubicularii
975 3269 1097 3366 primo
1135 3266 1366 3360 incederent,
1404 3267 1471 3365 qui
1506 3270 1620 3345 erant
1637 3269 1872 3368 cappellani·

408 3413 534 3510 Papae
561 3413 601 3488 in
629 3411 880 3488 cardinalatu:
909 3410 1075 3486 secundo
1101 3411 1184 3486 loco
1212 3410 1434 3486 cubicularii
1453 3409 1630 3487 officiales
1649 3410 1716 3509 qui
1742 3433 1845 3488 eme·

409 3560 498 3631 rant
525 3556 692 3632 officium
721 3553 1051 3645 cubiculariorum,
1080 3559 1121 3630 et
1148 3553 1302 3631 demum
1329 3555 1446 3630 tertio
1474 3554 1558 3631 loco
1595 3559 1848 3653 sequerentur

408 3699 631 3776 cubicularii
659 3697 724 3796 qui
753 3700 943 3774 venerunt
969 3697 1009 3771 in
1037 3701 1194 3795 papatu,
1209 3697 1418 3774 dummodo
1445 3719 1492 3774 ex
1520 3698 1763 3775 cubiculariis
1789 3701 1847 3775 of·

408 3842 593 3919 licialibus
619 3843 685 3940 qui
712 3841 858 3916 habent
883 3840 1124 3934 exercitium,
1148 3843 1195 3916 ut
1221 3843 1360 3931 custos,
1402 3840 1567 3917 decanus
1608 3841 1750 3940 aliique
1776 3844 1847 3918 tri·

406 3986 527 4082 ginta,
544 3986 592 4060 ad
620 3987 815 4060 sinistram
842 3984 1163 4061 cubiculariorum
1190 3983 1467 4081 descriptorum
1495 3989 1742 4080 ponerentur.
1772 3987 1846 4061 lla·

407 4127 494 4234 dem
523 4151 676 4224 prorsus
694 4127 826 4224 regula
845 4150 913 4224 pro
932 4129 1123 4204 scutiferis
1152 4127 1279 4201 valere
1308 4125 1483 4200 debebat.
1512 4126 1656 4202 Verum
1674 4127 1746 4204 hac
1763 4128 1846 4205 vice

406 4295 505 4368 quae
533 4270 717 4369 disposita
743 4273 856 4347 erant
882 4293 960 4345 non
987 4272 1198 4367 potuerunt
1232 4268 1451 4346 executioni
1480 4267 1655 4345 mandari
1688 4273 1847 4368 propter

406 4413 645 4510 inopinatam
671 4413 855 4509 pluviam.
885 4413 966 4500 Quo
985 4413 1025 4486 in
1044 4435 1133 4488 casu
1163 4411 1268 4508 Papa
1286 4410 1424 4485 dubius
1442 4409 1568 4486 haesit
1586 4414 1719 4486 utrum
1738 4433 1844 4509 prae·

405 4554 549 4652 ciperet
588 4577 720 4630 omnes
761 4554 886 4632 redire
914 4555 962 4629 ad
990 4555 1185 4631 ecclesiam
1212 4579 1241 4632 s.
1271 4554 1388 4645 Petri,
1424 4552 1484 4629 uti
1512 4553 1659 4629 factum
1693 4554 1769 4630 luit
1796 4557 1846 4632 ob

405 4695 567 4770 similem
594 4698 773 4770 eventum
803 4697 974 4792 ternpore
1003 4695 1101 4770 Sixti
1118 4697 1160 4770 et
1178 4694 1397 4772 Alexandri.
1425 4694 1571 4771 Deinde
1590 4698 1732 4772 statuit
1755 4699 1844 4773 mis·

405 4865 487 4918 sam
515 4839 748 4916 cantandam
776 4861 856 4915 asse
884 4839 924 4914 in
952 4839 1123 4937 cappella
1150 4839 1296 4936 palatii,
1326 4838 1367 4914 et
1393 4840 1528 4935 postca
1558 4837 1846 4916 deliberandum

406 4989 539 5061 utrum
566 4985 753 5082 processio
782 4983 955 5063 iacienda
985 4986 1085 5062 essct
1112 4985 1173 5062 vol
1193 4983 1400 5062 differenda
1418 4984 1467 5059 ad
1486 4957 1697 5082 proximam
1726 4985 1846 5063 domi·

406 5129 596 5207 mininam.
626 5131 749 5217 Quare
776 5130 947 5228 cappella
974 5153 1003 5206 a.
1021 5131 1128 5206 Petri
1150 5130 1233 5227 jam
1262 5131 1352 5205 ants
1380 5133 1529 5227 parata,
1550 5129 1747 5230 disparata
1771 5132 1848 5208 fuit

406 5275 447 5349 ct
472 5271 644 5370 cappella
684 5272 857 5370 palatina
883 5276 1075 5372 reparata,
1103 5275 1144 5348 in
1172 5297 1249 5371 qua
1277 5275 1394 5350 misso
1435 5276 1593 5349 cantata
1633 5274 1721 5350 luit.
1750 5275 1846 5352 Post

531 5408 549 5464 a
