4888 6366
853 649 888 696 11.
911 649 1026 697 nraaro
1050 649 1086 696 nr
1110 650 1191 697 rana
1214 650 1329 698 caoxa
1353 651 1385 698 x.
1593 670 1598 678 ·
1790 628 1831 696 21

923 1572 1015 1673 A·
1064 1572 1297 1674 MDXV.

496 1998 541 2073 In
570 1998 702 2095 vigilia
729 1998 976 2094 Epiphaniae,
1005 2020 1185 2096 vesperae
1212 2000 1427 2076 celebratae
1461 1965 1620 2076 luerunt
1659 2002 1700 2076 in
1741 2025 1828 2098 cap·
1856 2004 1911 2064 Fol
1940 2007 1990 2064 111
2010 2026 2038 2066 v.

391 2141 501 2237 pella,
532 2141 636 2235 Papa
663 2142 875 2237 praesente,
904 2142 946 2214 et
972 2141 1117 2235 pariter
1144 2140 1296 2234 ibidem,
1313 2165 1388 2216 non
1407 2165 1498 2218 vero
1517 2143 1558 2218 in
1587 2143 1743 2220 basilica
1769 2167 1828 2219 ce·

390 2284 539 2357 labrata
566 2285 625 2358 est
651 2285 767 2358 missa
794 2286 948 2379 proptor
966 2283 1129 2377 pluvias,
1159 2283 1250 2380 qaia
1277 2284 1433 2359 ecclesia
1460 2287 1545 2359 erat
1577 2285 1827 2383 discooperta.

390 2426 461 2513 Qui
489 2449 637 2500 sacram
666 2425 813 2521 peregit
840 2426 916 2499 fuit
943 2426 1145 2500 cardinalis
1164 2427 1448 2523 senogalliensis
1485 2429 1682 2524 episcopas
1718 2451 1827 2524 prae·

388 2572 572 2645 nestinus.
603 2569 824 2646 Sermonem
852 2571 990 2646 babuit
1017 2573 1138 2646 frater
1167 2595 1196 2644 s.
1218 2572 1399 2648 Marcelli.

494 2853 564 2928 Die
593 2855 732 2950 quarta
759 2855 850 2928 maii
880 2856 1072 2930 celebrata
1091 2855 1168 2929 fuit
1185 2854 1301 2930 sessio
1330 2854 1476 2930 decima
1503 2855 1651 2931 concilii
1670 2857 1825 2932 Latera·
1854 2853 1877 2910 ἲ·
1898 2855 1951 2911 ¹¹2
1969 2873 1992 2914 r.

386 2997 512 3072 nensis
540 2995 624 3088 (30)
651 2999 854 3091 postquam
883 2995 1016 3071 eadem
1053 2996 1175 3092 primo
1212 2999 1253 3070 et
1285 2995 1449 3071 secundo
1489 3019 1609 3094 usque
1642 2998 1690 3072 ad
1718 3022 1825 3094 prae·

386 3140 527 3214 dictam
556 3139 657 3212 diem
685 3138 820 3212 fuisset
846 3140 1064 3234 prorogata.
1104 3137 1201 3210 Nam
1244 3137 1409 3234 episcopi
1449 3162 1528 3213 non
1544 3141 1763 3214 cessabant
1803 3164 1827 3215 a

385 3280 573 3376 quaerelis
600 3283 734 3353 contra
775 3278 986 3354 cardinales
1013 3278 1253 3370 renovandis,
1295 3280 1422 3375 parati
1450 3281 1499 3354 ad
1540 3303 1691 3356 omnem
1725 3281 1824 3357 ordi-

385 3423 579 3497 nationem
619 3420 874 3515 repellendam
916 3443 982 3516 per
1022 3420 1182 3495 verbum
1225 3443 1293 3493 noa
1329 3421 1451 3514 placet,
1479 3422 1553 3496 nisi
1596 3425 1712 3498 antea
1753 3423 1826 3497 sibi

385 3565 626 3638 satisfactum
653 3565 753 3637 esset
780 3561 906 3658 quoad
932 3562 1108 3658 exposita
1135 3561 1371 3658 gravamina.
1400 3562 1507 3658 Papa
1534 3567 1665 3641 autem
1692 3567 1824 3642 volens

383 3729 495 3782 omne
523 3704 720 3780 dissidium
748 3704 849 3780 inter
878 3706 1069 3800 praelatos
1098 3709 1139 3781 et
1166 3706 1379 3782 cardinales
1417 3705 1566 3799 tollere,
1606 3709 1718 3784 iussit
1751 3710 1824 3786 sibi

383 3853 554 3927 exhiberi
581 3852 622 3924 in
649 3850 798 3945 seriptis
826 3850 1029 3945 petitiones
1057 3851 1317 3946 episcoporum
1345 3874 1440 3947 quas
1459 3851 1622 3927 tradidit
1649 3855 1822 3929 cardina·

383 3993 484 4068 libus
510 3996 557 4066 ut
584 3992 656 4087 ipsi
691 3991 953 4087 excogitarent
990 4013 1067 4087 qua
1102 3991 1252 4065 ratione
1287 3993 1424 4088 aptata
1460 3993 1662 4068 concordia
1694 4000 1824 4089 posset

383 4135 560 4211 obtineri.
576 4132 761 4209 Attamen
790 4133 896 4208 aliud
923 4130 1190 4230 quaerelararn
1219 4135 1337 4230 caput
1364 4134 1571 4210 movebant
1590 4136 1754 4234 episcopi
1773 4139 1822 4215 ob

382 4310 478 4360 oraro
504 4307 668 4378 mapsam
695 4271 983 4380 privilegioru'nr
1010 4279 1195 4356 Ordinem
1221 4281 1512 4378 Religiosorum,
1542 4283 1582 4357 in
1609 4305 1686 4381 qao
1713 4307 1821 4381 prae·

382 4431 515 4506 sertim
541 4429 697 4523 propter
724 4428 865 4500 abusus
894 4425 1068 4500 inductos
1089 4423 1204 4498 iidem
1224 4425 1388 4522 episcopi
1406 4427 1614 4502 censebant
1632 4429 1821 4504 contineri

383 4594 564 4667 magnum
592 4567 868 4664 praeiudicium
896 4554 1100 4662 episcopali
1127 4568 1364 4642 auctoritati.
1394 4569 1532 4666 Itaque
1551 4572 1622 4646 hac
1649 4593 1762 4666 super
1780 4596 1822 4649 re

382 4713 509 4789 vocati
537 4712 629 4785 sunt
656 4709 861 4783 Generales
889 4706 1378 4805 OrdinumReligiosorum,
1397 4710 1518 4806 iisque
1538 4710 1578 4784 in
1597 4711 1821 4789 consistorio

382 4857 527 4932 secreto
555 4852 718 4949 praelati
747 4852 925 4948 deputati
944 4851 1196 4926 ostenderunt
1214 4874 1370 4926 suarum
1389 4853 1657 4947 quaerelamm
1675 4877 1819 4930 causas.

382 4995 477 5070 Cum
493 5018 583 5070 vero
598 4994 714 5068 iidem
743 4994 946 5068 Generales
974 5019 1051 5069 non
1066 4997 1221 5090 possent
1247 5017 1287 5070 se
1315 4995 1530 5088 defendere,
1561 5001 1607 5071 ut
1634 4997 1691 5072 ait
1714 4997 1820 5073 Pari·

382 5139 457 5227 des,
474 5137 670 5232 petierunt
685 5159 731 5211 ex
744 5137 872 5233 gratia
886 5141 932 5209 ut
945 5142 1101 5232 possent
1114 5138 1243 5212 omnia
1262 5160 1448 5233 exponere
1464 5141 1503 5212 in
1517 5140 1694 5236 capitulis
1708 5160 1821 5236 gene·

381 5281 525 5356 ralibus
553 5305 653 5378 quae
681 5282 853 5378 proxime
882 5281 1092 5360 instabant.
1122 5283 1265 5376 Verum
1292 5284 1455 5381 praelati
1483 5307 1558 5360 non
1587 5284 1646 5360 lris
1670 5285 1819 5382 acquie-

381 5426 538 5517 scentes,
554 5425 798 5501 daclararant
813 5450 922 5502 snam
938 5427 1253 5507 deliberationem
1268 5454 1345 5507 non
1358 5431 1536 5509 veniendi
1552 5432 1600 5506 ad
1614 5431 1817 5509 sessionem
