4970 6352
831 703 865 748 m
888 699 1003 748 murno
1027 701 1062 746 nr
1084 697 1168 746 earn
1191 699 1301 746 saona
1325 699 1357 744 x.
1739 675 1780 740 51

345 798 518 810 ——n--—-—
1638 786 1784 798 *Ch-U.-

346 923 472 999 rubeis
500 922 618 998 etiam
644 921 702 995 illi
721 921 787 1017 qui
807 941 854 994 ex
873 918 1080 994 domestico
1098 917 1207 991 luctu
1227 915 1439 990 violaceum
1457 914 1674 990 induerant.
1696 913 1783 989 Mis·

347 1085 429 1136 sam
457 1062 631 1137 cantavit
665 1060 868 1136 cardinalis
905 1061 1124 1133 sanctorum
1153 1057 1337 1147 Quatuor,
1376 1056 1442 1154 qui
1478 1057 1519 1130 in
1556 1057 1630 1130 fine
1659 1057 1783 1154 publi·

346 1208 449 1282 cavit
477 1204 757 1302 indulgentiam
785 1207 932 1300 septem
961 1225 1161 1278 annorum.
1201 1201 1305 1297 Papa
1337 1223 1413 1275 non
1452 1199 1558 1274 dedit
1593 1222 1639 1275 ea
1678 1221 1783 1275 occa·

346 1349 451 1423 sione
487 1347 689 1443 prandium
726 1343 995 1431 cardinalibus,
1034 1343 1149 1438 prout
1181 1340 1227 1415 de
1260 1361 1366 1415 more
1400 1339 1481 1413 deri
1517 1339 1782 1427 consueverat,

347 1491 438 1589 qrria
466 1493 543 1587 ipse
571 1489 751 1566 continuo
776 1453 988 1584 jejunabat
1016 1487 1057 1562 et
1083 1505 1166 1559 sero
1195 1483 1367 1559 cenabat.

453 1777 498 1852 In
525 1775 586 1853 die
614 1775 847 1865 Palmarum,
886 1795 991 1848 more
1016 1771 1143 1864 solito,
1173 1770 1302 1846 omnia
1337 1771 1492 1866 peracta
1527 1771 1620 1846 sunt
1656 1768 1946 1866 quocum-1⁰⁶
1964 1787 1992 1826 v.

346 1921 649 2000 benedictionem
676 1917 891 2016 palmarum
919 1939 1052 1992 earum
1085 1914 1395 1991 distributionem
1429 1918 1470 1990 et
1506 1914 1783 2012 processionem

348 2071 389 2144 et
417 2067 583 2154 missam,
621 2063 694 2137 nisi
731 2061 833 2158 quod
870 2063 1024 2156 propter
1060 2059 1211 2155 pluvias
1238 2081 1316 2131 non
1343 2057 1492 2133 adhesit
1519 2056 1713 2155 pulpitum
1742 2054 1783 2129 in

347 2209 461 2306 logia,
479 2209 519 2282 et
546 2206 652 2302 Papa
679 2201 891 2308 mandavit
909 2201 1056 2275 duobus
1088 2201 1344 2276 cardinalibus
1372 2204 1418 2275 ut
1449 2199 1521 2297 ipsi
1550 2199 1782 2296 proiicerent

348 2349 494 2444 palmas
523 2346 675 2442 populo.

452 2631 498 2704 In
526 2627 652 2704 Coena
679 2626 833 2702 Domini
861 2625 977 2699 missa
1014 2647 1101 2699 cum
1139 2627 1376 2720 processione
1414 2651 1482 2725 pro
1522 2625 1783 2716 Sacramento,
1810 2635 1947 2693 c1oer.

351 2770 517 2847 indeed
558 2769 701 2865 logiam
729 2775 936 2863 processus,
965 2768 1007 2839 et
1033 2767 1261 2843 mandatum
1301 2769 1457 2845 lotionis
1486 2771 1625 2868 pedum
1654 2770 1784 2846 omnia

344 2915 460 3011 juxta
487 2911 721 3010 praescripto
748 2911 851 2985 sacta
883 2911 986 2986 sunt.
1025 2911 1179 2985 Missam
1216 2911 1426 2988 celebravit
1462 2913 1666 2989 cardinalis
1704 2913 1782 3012 epi-

347 3081 480 3158 scopus
516 3055 769 3146 vulterranus,
801 3053 905 3154 Papa
933 3051 1222 3130 Sacramentum
1258 3057 1442 3155 portavit,
1473 3057 1781 3136 ministrantibus

347 3205 440 3278 illud
468 3204 635 3280 diaconis
664 3201 941 3278 assistentibus.
971 3201 1139 3276 Praelati
1158 3203 1336 3277 tulerunt
1369 3203 1639 3299 baldachinum
1667 3228 1782 3302 super

347 3347 633 3421 Sacramentum
662 3345 702 3418 in
729 3344 843 3440 logia,
872 3346 914 3418 et
940 3345 1127 3439 praestita
1155 3349 1214 3421 est
1240 3349 1456 3423 reverentia
1484 3348 1621 3445 Papae.
1661 3347 1782 3446 Super

345 3513 433 3586 quo,
463 3511 677 3586 processum
707 3489 745 3562 in
775 3487 924 3584 vulgari
953 3487 1046 3586 legit
1073 3489 1275 3566 cardinalis
1304 3489 1408 3583 Cibo,
1442 3493 1483 3568 et
1511 3492 1550 3566 in
1577 3491 1701 3568 latino
1744 3491 1781 3569 d.

347 3635 481 3708 lineas.
511 3633 555 3706 In
583 3633 664 3728 ipso
693 3653 866 3728 processu
898 3631 993 3705 nibil
1022 3632 1099 3706 suit
1125 3633 1227 3707 novi.
1265 3635 1405 3710 Postea
1443 3636 1547 3731 Papa
1583 3635 1682 3712 lavit
1718 3658 1781 3732 pe·

345 3765 420 3868 des,
450 3798 526 3850 non
554 3777 685 3849 autem
713 3773 852 3868 digitos
876 3795 976 3864 suos,
996 3776 1040 3848 ut
1068 3776 1277 3873 aliquando
1306 3777 1452 3853 factum
1480 3776 1566 3853 fuit.

451 4059 496 4131 In
523 4058 585 4132 die
612 4057 760 4132 Ooenae
788 4057 941 4132 Domini
974 4058 1137 4133 officium
1175 4059 1421 4133 tenebrarum
1457 4059 1534 4132 suit
1561 4059 1781 4149 recitatum,
1811 4075 1905 4132 croc
1923 4091 1952 4130 v.

343 4199 504 4274 servatis
532 4198 773 4295 praescriptis
800 4199 1058 4274 caeremoniis.
1088 4200 1133 4273 In
1160 4200 1231 4274 hoc
1249 4201 1424 4275 cantores
1451 4200 1660 4296 coeperunt
1694 4222 1782 4276 can-

346 4345 430 4418 tare
458 4345 648 4439 psalmum
681 4347 697 4380 '¹
720 4345 892 4418 Miserere
929 4346 994 4417 mei
1026 4347 1161 4430 Deus,
1186 4343 1328 4439 partim
1355 4365 1442 4418 cum
1469 4347 1583 4419 canto
1618 4344 1783 4438 figurato

345 4485 386 4557 et
412 4484 553 4580 partim
591 4483 861 4581 synphoniace.

451 4765 545 4843 Cum
573 4765 714 4843 notitia
741 4765 780 4842 iu
808 4767 938 4843 urbem
969 4767 1202 4865 pervenisset
1229 4769 1275 4844 de
1303 4767 1410 4844 obitu
1439 4767 1586 4844 Juliani
1615 4767 1662 4846 de
1704 4769 1781 4845 lle·
1811 4779 1907 4838 troo
1924 4798 1954 4837 v.

344 4914 436 4992 dicis
464 4913 595 4990 fratris
623 4914 761 5012 Papae,
790 4913 902 4989 multi
929 4937 976 4991 ex
1004 4915 1160 4992 natione
1189 4921 1304 4992 etex
1333 4914 1480 4990 familia
1499 4915 1626 5012 Papae
1654 4937 1780 4992 cense-

346 5059 439 5133 bant
466 5057 539 5131 toli
567 5058 605 5130 in
633 5079 734 5147 orsu,
764 5080 851 5131 cum
888 5059 1068 5154 ageretur
1095 5056 1141 5132 de
1169 5057 1277 5148 duce,
1316 5058 1363 5133 de
1394 5029 1600 5154 capitaneo¹
1614 5061 1783 5154 generali

344 5199 530 5275 Ecclesiae
558 5201 598 5272 et
626 5197 671 5272 de
699 5220 881 5294 germano
920 5201 1058 5296 Papae,
1095 5201 1244 5277 luctum
1282 5201 1498 5297 generalem
1538 5201 1687 5277 ostendi
1716 5202 1780 5278 de·

344 5343 432 5418 bere
460 5365 525 5438 per
553 5343 679 5416 vestes
708 5343 833 5438 pullas
862 5344 994 5440 longas
1032 5345 1279 5420 assumendas
1317 5369 1403 5420 cum
1441 5345 1616 5441 caputiis,
1647 5351 1688 5422 et
1715 5369 1782 5442 per

345 5485 543 5582 prrbblicas
570 5488 611 5560 et
638 5486 825 5561 solemnes
854 5487 1045 5584 exequias.
1075 5485 1217 5563 Verum
1245 5485 1360 5560 aliter
1387 5485 1577 5562 sentiebat
1605 5485 1781 5563 Pontifex
