4970 6352
833 604 867 651 ro
890 603 1005 650 orama
1029 604 1065 650 nr
1087 601 1170 649 rara
1193 589 1306 650 anona
1328 604 1361 649 x.
1777 584 1822 650 49

387 820 442 898 eis
468 825 669 920 tamquam
698 822 785 898 filiis
813 821 1043 920 iniquitatis.
1072 819 1330 898 Nihilominus
1349 820 1382 895 si
1400 819 1472 916 ipsi
1489 820 1617 917 palam
1644 842 1685 897 se
1712 843 1823 904 accu-

386 971 529 1060 sarent,
566 967 742 1068 promisit
778 989 818 1044 se
842 967 1001 1044 'veniam
1028 991 1305 1058 concessurum,
1334 969 1374 1043 et
1401 965 1441 1041 in
1468 966 1635 1064 gratiam
1670 964 1824 1043 eosdem

386 1118 633 1211 recepturum
662 1137 739 1190 non
766 1114 936 1190 nocendo
965 1115 1018 1190 eis
1046 1113 1084 1188 in
1113 1115 1207 1206 vita,
1236 1136 1410 1214 persona,
1439 1113 1595 1198 honore,
1630 1112 1755 1206 rebus,
1783 1113 1825 1189 et

386 1257 652 1350 facultatibus,
672 1260 788 1357 prout
807 1258 960 1334 detecto
987 1259 1112 1356 capite
1131 1281 1260 1334 coram
1279 1257 1445 1354 imagine
1474 1257 1615 1332 Christi
1634 1257 1822 1355 promisit,

386 1397 579 1496 tangendo
608 1403 724 1497 caput
752 1423 875 1491 suum,
897 1401 937 1475 et
961 1399 1127 1495 jurando
1155 1421 1223 1498 per
1250 1402 1531 1476 sacramentum
1563 1401 1664 1498 quod
1693 1398 1733 1474 in
1761 1421 1823 1476 ca·

385 1543 466 1639 pite
493 1543 675 1619 habebat.
705 1543 848 1618 Verum
877 1541 1095 1620 Cardinales
1122 1543 1199 1620 duo
1219 1543 1285 1642 qui
1304 1544 1359 1619 rei
1378 1546 1500 1636 erant,
1517 1545 1611 1619 satis
1640 1542 1824 1620 declarati

385 1708 409 1758 a
437 1685 633 1778 Pontifice,
673 1690 936 1762 asseveranter
972 1689 1165 1784 negabant
1192 1709 1232 1762 se
1259 1686 1441 1761 notitiam
1469 1686 1517 1762 de
1560 1687 1825 1786 conjuratione

384 1825 574 1902 habuisse.
604 1829 710 1903 Tunc
738 1829 917 1903 Pontifex
944 1851 1162 1927 processum
1191 1827 1297 1902 dedit
1321 1827 1446 1920 tribus
1475 1827 1732 1904 cardinalibus
1759 1850 1822 1904 ex·

384 1967 624 2061 pendendum
654 1969 718 2064 qui
738 1969 884 2044 nullam
904 1969 1185 2045 dubitationem
1203 1969 1455 2065 relinquebat.
1476 1969 1582 2057 Quod
1608 1992 1694 2046 cum
1723 1972 1824 2048 clare

385 2110 653 2208 cognovissent
672 2106 883 2186 iidem'tres
912 2112 1121 2188 cardinales
1140 2111 1262 2208 primo
1285 2112 1566 2208 redarguerunt
1592 2112 1823 2190 'cardinalem

386 2253 653 2328 vulterranum
674 2254 903 2350 episcopum
919 2252 1205 2351 praenestinum
1225 2237 1374 2327 affinem
1395 2251 1533 2357 Papae,
1553 2275 1718 2351 eumque
1745 2255 1823 2330 suis

384 2394 670 2473 hortationibus
698 2397 943 2474 adduxerunt
969 2396 1018 2471 ad
1037 2395 1336 2472 misericordiam
1364 2394 1647 2491 postulandam.
1676 2396 1823 2474 Deinde

385 2538 499 2614 iidem
527 2543 606 2614 tres
634 2539 843 2616 cardinales
871 2539 1045 2618 conversi
1071 2539 1119 2614 ad
1152 2539 1390 2614 Hadrianum
1417 2539 1525 2615 tituli
1552 2560 1582 2614 s.
1612 2537 1824 2639 Orysogoni

384 2683 648 2783 presbyterum
676 2683 833 2762 natione
860 2687 1121 2777 cornetanum,
1142 2683 1264 2760 eidem
1292 2686 1508 2780 suaserunt,
1523 2686 1570 2761 ut
1596 2685 1715 2762 etiam
1742 2686 1822 2784 ipse

382 2827 604 2925 genuflexus
632 2830 784 2906 veniam
813 2831 1048 2928 impetraret.
1070 2830 1165 2906 (lum
1183 2831 1255 2907 hoc
1282 2852 1329 2906 ex
1358 2831 1458 2908 votis
1486 2832 1696 2925 cessissent,
1712 2857 1821 2932 prae·

383 2970 475 3048 dicti
504 2975 582 3050 tres
619 2974 830 3051 cardinales
857 2975 910 3052 sic
947 2975 1186 3052 concordiam
1215 2977 1439 3051 statuerunt
1475 2997 1561 3052 cum
1598 2978 1823 3055 vulterrano

385 3119 425 3192 et
453 3117 649 3196 Hadriano
678 3119 935 3196 cardinalibus
962 3120 1034 3195 sub
1062 3121 1109 3196 iis
1136 3119 1429 3211 conditionibus,
1459 3124 1505 3196 ut
1531 3143 1577 3197 ex
1605 3145 1684 3196 una
1711 3125 1822 3220 parte
1870 3175 1874 3184 -

385 3260 547 3355 quilibet
578 3283 711 3338 eorum
740 3263 906 3340 solveret
933 3263 1060 3359 Papae
1093 3262 1251 3339 ducatos
1279 3263 1481 3340 duodecim
1509 3264 1614 3340 mille
1641 3267 1684 3340 et
1711 3229 1869 3362 quin·‘¹

384 3407 531 3502 gentos,
557 3407 599 3480 et
625 3405 678 3482 sic
706 3407 746 3482 in
774 3409 903 3482 totum
932 3407 1071 3481 darent
1098 3406 1407 3505 vigintiquinque
1443 3406 1548 3481 mille
1580 3406 1752 3502 ducatos,
1781 3409 1823 3484 et

384 3571 431 3622 ex
459 3550 537 3624 alia
563 3553 674 3646 parte
702 3550 807 3647 Papa
825 3553 935 3648 plene
963 3552 1146 3647 parceret.
1167 3551 1249 3625 Hac
1275 3551 1380 3626 facta
1411 3551 1696 3648 compositione,
1715 3551 1821 3649 Papa

383 3691 534 3767 eosdem
562 3692 773 3769 cardinales
793 3693 943 3770 remisit
960 3694 1009 3768 ad
1029 3692 1160 3767 domos
1179 3715 1279 3784 suas,
1300 3690 1392 3766 data
1412 3690 1498 3784 lide,
1528 3691 1630 3788 quod
1657 3693 1707 3768 ab
1725 3692 1821 3770 urbe

382 3858 458 3910 non
477 3834 710 3926 recederent,
731 3838 771 3911 et
790 3835 892 3911 infra
919 3838 1067 3912 certum
1094 3838 1246 3932 tempus
1266 3833 1491 3931 promissam
1518 3833 1719 3930 pecuniam
1746 3836 1820 3911 sol·

383 3979 530 4072 verant,
568 3977 771 4091 injungens
799 3979 869 4055 sub
902 3980 1151 4056 severissimis
1188 3979 1318 4077 poenis
1359 3976 1617 4055 cardinalibus
1652 3977 1822 4077 nequid

383 4121 429 4195 de
456 4121 675 4218 hujusmodi
697 4121 798 4197 iacto
817 4123 1033 4219 vulgarent.
1054 4123 1197 4197 Tamen
1217 4123 1402 4198 secretum
1423 4123 1617 4199 servatum
1639 4121 1819 4211 nonfuit,
1961 4213 1967 4225 ι

382 4267 422 4340 et
448 4267 536 4363 post
563 4265 659 4340 diras
678 4265 792 4342 horas
819 4265 858 4340 in
878 4267 1014 4365 plateis
1034 4264 1150 4358 urbis,
1170 4263 1298 4339 omnia
1318 4261 1468 4362 publice
1494 4263 1690 4361 patefacta
1717 4263 1818 4338 sunt.

489 4551 664 4628 Pontifex
693 4551 760 4650 qui
787 4575 900 4652 super
941 4553 1205 4650 conjuratione
1232 4553 1272 4628 in
1316 4551 1437 4630 vitam
1478 4575 1588 4628 suam
1621 4551 1704 4649 jam
1741 4553 1820 4629 tres
1847 4577 2024 4638 sereser.

381 4694 591 4772 cardinales
619 4697 659 4772 in
688 4697 845 4774 castello
868 4696 1086 4789 incluserat,
1111 4697 1150 4771 in
1178 4697 1403 4774 consistorio
1431 4698 1576 4774 secreto
1595 4698 1728 4794 aperte
1755 4695 1818 4774 de·

381 4841 480 4916 texit
507 4841 602 4915 alios
622 4842 717 4916 duos
735 4841 914 4917 facinoris
933 4843 1112 4933 conscios,
1133 4863 1267 4936 nempe
1295 4838 1526 4916 cardinalem
1554 4839 1821 4915 vulterranum

382 4951 479 5058 alias
507 4983 553 5059 de
583 4982 775 5058 Sederinis
804 4983 957 5058 affinem
988 5007 1111 5076 suum,
1141 4987 1182 5060 et
1209 4983 1438 5059 cardinalem
1467 4980 1704 5066 Hadrianum
1730 4979 1820 5056 inti·

384 5151 488 5202 mum
518 5127 790 5202 consultorem.
819 5128 993 5223 Uterque
1020 5128 1151 5202 autem
1192 5149 1325 5202 eorum
1363 5124 1638 5200 condemnatus
1664 5124 1742 5198 fuit
1781 5123 1822 5198 in

385 5293 537 5345 summa
564 5269 703 5367 viginti
731 5272 898 5367 quinque
926 5269 1032 5346 mille
1059 5269 1298 5359 ducatorum,
1336 5290 1402 5343 seu
1433 5267 1563 5365 potius
1599 5267 1675 5341 luit
1711 5266 1820 5341 abso·

385 5413 491 5488 lutus
520 5434 589 5511 pro
617 5410 720 5486 dicta
747 5433 908 5502 summa,
937 5433 1036 5510 quae
1063 5411 1206 5509 absque
1235 5410 1420 5486 dilatione
1447 5409 1593 5501 statim,
1622 5412 1663 5486 et
1685 5410 1821 5506 sponte

506 5547 522 5604 7
607 5575 610 5586 .
