4970 6352
611 597 633 662 6
1165 613 1289 659 sumna
1311 611 1357 658 na
1380 611 1496 658 samar

571 854 574 858 ·
611 838 787 910 octavam
815 833 1030 924 sessionem,
1058 830 1223 907 secundo
1250 831 1352 928 quod
1370 831 1418 904 ab
1437 832 1508 906 hoc
1526 832 1691 906 termino
1718 855 1837 928 usque
1861 833 1910 908 ad
1937 839 2042 910 oete-

612 1000 661 1052 va
687 976 892 1050 sessionem
918 976 1219 1049 reformarentur
1246 994 1376 1048 omnes
1409 975 1513 1048 urbis
1544 972 1736 1069 officiales,
1765 981 1806 1050 et
1832 977 1872 1051 in
1905 982 2044 1056 octava

610 1119 774 1196 sessione
801 1119 1051 1218 referreretur
1069 1117 1193 1214 qualis
1210 1115 1432 1191 reformatio
1451 1115 1610 1190 inventa
1628 1116 1758 1191 luerit.
1774 1117 1904 1194 lertio
1923 1119 2042 1217 depu-

613 1266 789 1339 tarentur
814 1262 934 1360 legati
952 1265 994 1338 et
1019 1261 1146 1336 nuntii
1165 1259 1364 1357 apostolici
1391 1258 1441 1334 ud
1467 1257 1655 1356 principes
1679 1259 1904 1338 christianos
1932 1287 2045 1362 super

611 1427 702 1500 pace
729 1403 955 1495 universale,
983 1427 1060 1501 qua
1087 1403 1190 1477 lacta
1207 1404 1334 1499 posset
1351 1405 1485 1476 contra
1504 1401 1674 1477 infideles
1692 1403 1855 1500 procedi,
1875 1408 1916 1480 et
1934 1429 2042 1500 pree·

611 1552 717 1624 terea
744 1549 821 1624 luit
847 1551 1052 1646 prorogata
1081 1551 1218 1623 octava
1244 1544 1359 1621 sessio
1386 1566 1507 1641 usque
1534 1545 1583 1618 ad
1610 1544 1709 1620 diem
1737 1546 1916 1656 quintum
1944 1549 2043 1624 deci·

611 1711 716 1762 mum
748 1689 824 1763 kal.
849 1687 1067 1778 decembris,
1088 1686 1186 1761 idest
1212 1686 1313 1761 diem
1341 1685 1489 1763 veneris
1508 1686 1647 1760 mensis
1665 1686 1851 1762 decimam
1870 1691 2044 1784 quintam

610 1829 839 1922 novembris,
868 1831 909 1904 et
935 1828 1079 1924 placuit
1117 1828 1293 1904 omnibus
1320 1830 1443 1903 forma
1479 1828 1645 1919 cedulae,
1676 1829 1765 1905 licet
1802 1830 1921 1927 aliqui
1958 1854 2044 1907 cen-

610 1974 740 2047 serent
766 1971 980 2067 legatorum
1009 1973 1051 2046 et
1077 1970 1303 2046 nautiorum
1331 1970 1563 2046 creationem
1590 1993 1668 2046 non
1687 1995 1768 2048 esse
1786 1973 2044 2051 diluendam.

515 2160 516 2163 κ
611 2111 693 2198 ero
726 2113 840 2205 facto,
878 2116 1053 2188 cantores
1089 2116 1296 2187 cantarunt
1325 2153 1371 2164 —
1406 2113 1455 2186 Te
1481 2115 1597 2188 Deam
1632 2114 1816 2190 laudamus
1843 2157 1896 2170 —
1923 2118 2046 2192 etsie

611 2251 697 2327 linis
724 2253 925 2349 impositus
951 2254 1011 2327 est
1036 2253 1220 2348 septimae
1247 2253 1416 2328 sessioni.

718 2533 764 2607 In
791 2535 924 2629 vigilia
950 2555 980 2608 s.
1009 2534 1115 2607 Petri
1143 2533 1327 2608 solemnes
1356 2554 1536 2629 vesperae
1563 2534 1753 2609 celebrate
1789 2537 1944 2612 luerunt
1980 2562 2046 2634 per

611 2673 767 2774 Papam,
796 2677 862 2771 qui
890 2675 931 2749 in
958 2674 1019 2748 dic
1034 2689 1076 2749 s.
1105 2673 1210 2748 Petri
1238 2673 1457 2749 solemniter
1485 2675 1639 2750 missam
1666 2679 1849 2768 cantavit,
1887 2704 1962 2775 qua
1981 2702 2044 2777 pe·

611 2824 729 2911 recta,
754 2820 949 2916 episcopus
987 2819 1167 2894 assistens
1206 2819 1417 2914 publicavit
1451 2819 1729 2916 indulgentiam
1766 2824 1976 2919 plenariam
2004 2830 2046 2900 et

611 2964 792 3040 diaconus
819 2966 971 3060 praeter
997 2964 1155 3039 solitum
1182 2963 1354 3039 eamdem
1380 2964 1658 3061 indulgentiam
1678 2967 1888 3062 publicavit
1906 2969 1946 3043 in
1959 2971 2044 3046 vul·

610 3105 705 3205 gari.
725 3105 899 3182 Eaeuute
917 3106 1048 3182 autem
1067 3105 1172 3202 Papa
1191 3125 1237 3182 ex
1257 3105 1411 3182 basilica
1429 3111 1560 3183 orator
1578 3107 1760 3206 hispanus
1786 3112 2047 3206 praesentavit

611 3272 753 3346 equum
780 3248 912 3324 album
939 3268 1052 3345 quem
1080 3246 1255 3322 chineam
1284 3246 1367 3338 (13)
1389 3252 1528 3323 vocant
1554 3271 1641 3326 cum
1669 3252 1783 3324 solita
1810 3235 1995 3328 oratioue.

475 3551 480 3567 ·
577 3591 584 3607 ,
719 3528 790 3600 Die
805 3528 995 3602 dominice
1022 3529 1141 3602 tertia
1160 3530 1266 3622 Papa
1288 3528 1377 3622 julii
1396 3531 1541 3605 creavit
1566 3529 1709 3602 milites
1736 3529 1943 3603 successive
1969 3529 2044 3622 pri·

614 3687 731 3756 mum,
747 3666 869 3739 fllium
897 3667 1104 3764 Pompeum
1125 3670 1171 3743 de
1197 3668 1341 3774 Udeliis
1368 3669 1598 3764 perusinum,
1623 3672 1664 3742 et
1691 3668 1751 3743 die
1778 3667 1951 3763 sequenti
1978 3666 2045 3740 do·

612 3811 758 3883 minum
787 3809 833 3882 de
864 3808 1083 3905 Burghesiis
1114 3830 1313 3883 senensem
1341 3830 1454 3904 quem
1486 3810 1605 3883 etiam
1633 3808 1843 3884 declaravit
1870 3809 2046 3882 futurum

612 3954 827 4026 senatorem
845 3950 960 4023 urbis.
977 3949 1047 4023 Die
1067 3953 1201 4024 martis
1219 3950 1442 4024 duodecima
1450 3950 1538 4044 julii
1554 3972 1708 4025 maneus
1727 3951 1767 4023 in
1786 3951 1942 4025 castello
1962 3951 2045 4042 (14)

557 4179 560 4185 ¹
612 4091 760 4187 aliquot
779 4089 858 4163 dies
876 4088 1016 4162 ibidem
1035 4089 1182 4164 creavit
1200 4089 1341 4164 milites
1369 4093 1525 4163 auratos
1544 4093 1710 4185 quatuor
1725 4089 1869 4164 nobiles
1889 4091 2045 4186 polonos

613 4230 839 4326 deprecante
868 4226 1053 4304 cardinali
1080 4227 1126 4303 de
1153 4227 1301 4302 Grassis
1328 4231 1542 4324 protectore
1570 4231 1676 4326 regni
1705 4229 1900 4305 Poloniae.

559 4551 584 4592 r.
719 4514 789 4589 Die
810 4516 958 4592 veneris
981 4519 1119 4591 octava
1134 4516 1234 4611 julii,
1253 4527 1359 4590 rmus
1377 4515 1414 4590 d.
1433 4517 1623 4592 Robertus
1643 4518 1752 4591 tituli
1768 4539 1798 4592 s.
1820 4514 2044 4590 Anastasius

613 4659 801 4756 presbiter
827 4659 1029 4736 cardinalis
1067 4662 1298 4737 manatensis
1323 4662 1571 4736 renuntiatus
1609 4661 1684 4736 luit
1712 4662 1861 4758 legatus
1893 4661 2045 4738 avenio-

613 4801 750 4896 nensis,
769 4806 811 4878 et
829 4806 963 4900 postea
981 4807 1176 4879 annuente
1191 4801 1386 4896 Pontifice,
1402 4804 1517 4880 rediit
1535 4806 1583 4880 ud
1597 4805 1709 4880 aedes
1723 4827 1823 4894 sucu,
1838 4804 2047 4879 comitante

612 4946 862 5021 cardinalium
905 4947 1086 5045 collegio:
1115 4951 1156 5025 et
1191 4949 1252 5026 die
1279 4951 1428 5027 venaris
1457 4950 1753 5048 decimaquinta
1777 4949 1865 5045 julii
1884 4957 1989 5024 rurus
2009 4947 2044 5024 d.

613 5087 779 5161 'ihomas
806 5089 914 5161 tituli
941 5111 971 5162 s.
1001 5090 1158 5170 Martini
1186 5091 1226 5163 iu
1254 5092 1448 5166 montibus
1488 5093 1686 5190 presbyter
1717 5091 1921 5166 cardinalis
1957 5093 2045 5164 stri·

505 5310 509 5319 ,
611 5227 802 5320 gonieusis
831 5227 1051 5322 designatus
1087 5228 1164 5302 luit
1190 5229 1341 5323 legatus
1368 5230 1415 5303 de
1443 5230 1563 5305 latere
1589 5232 1639 5307 ad
1667 5234 1796 5326 partes
1822 5229 2045 5324 Huugariae

612 5369 817 5447 Bohemiae
845 5375 886 5446 et
913 5368 1107 5447 Poloniae.
