4948 6368
836 637 870 684 ru
893 637 1008 684 nmmo
1032 637 1069 682 nr
1091 633 1175 682 rura
1197 635 1311 682 anona
1334 637 1365 684 x.
1785 611 1825 680 81

388 881 418 934 s.
440 857 712 956 Apollinarem,
733 855 794 931 die
823 856 974 932 veneris
1001 855 1186 954 vigesima
1204 860 1342 933 octava
1357 878 1468 931 mane
1488 857 1524 930 in
1547 855 1705 933 aedibus
1720 856 1828 933 babi-

389 1003 548 1078 tationis
577 1023 668 1079 suae
687 1002 832 1077 facturn
860 1003 920 1076 est
948 1000 1116 1076 officium
1144 999 1375 1098 vigiliarum,
1396 1001 1659 1101 praesentibus
1687 1000 1826 1100 viginti

391 1150 560 1243 quatuor
586 1145 854 1236 cardinalibus,
875 1145 914 1218 in
943 1144 1017 1220 fine
1046 1145 1209 1220 cadaver
1237 1144 1287 1220 ad
1313 1143 1510 1219 basilicam
1538 1167 1566 1220 s.
1582 1143 1727 1220 Mariae
1744 1167 1826 1219 ma·

384 1290 481 1385 juris
501 1289 672 1364 delatum
700 1292 771 1363 est.

493 1570 564 1646 Die
592 1569 740 1645 veneris
767 1592 869 1644 nona
895 1568 1112 1646 novembris
1140 1571 1315 1643 mortuus
1344 1569 1406 1644 est
1432 1566 1652 1642 Bernartius
1680 1565 1728 1642 de
1762 1566 1824 1640 Bi·
1852 1565 1915 1624 sor.
1933 1566 1990 1625 ⁴0⁸
2007 1586 2031 1625 r.

385 1711 499 1787 biena
526 1712 707 1788 diaconus
725 1711 928 1788 cardinalis
956 1735 985 1786 s.
1014 1710 1158 1787 Mariae
1186 1709 1226 1783 in
1245 1709 1396 1807 porticu
1415 1709 1600 1806 antiquus
1626 1707 1826 1786 familiaris

386 1853 524 1948 Papae,
540 1856 581 1928 et
599 1874 735 1950 corpus
760 1851 930 1927 delatum
950 1851 1028 1927 luit
1045 1851 1093 1926 ad
1112 1851 1309 1926 ecclesiam
1329 1850 1505 1928 Aracaeli
1519 1854 1585 1928 ubi
1611 1853 1824 1950 depositum

382 1997 539 2092 jacebit,
557 2019 754 2095 quousque
782 1997 834 2071 sit
861 1996 1073 2071 resolutum
1102 2017 1152 2069 an
1180 1991 1317 2070 deferri
1346 1993 1467 2092 possit
1493 1995 1542 2070 ad
1573 1995 1726 2074 beatam
1744 1994 1824 2069 Ma·

384 2143 481 2220 riam
511 2143 558 2222 de
586 2144 753 2222 Laureto
781 2146 827 2219 ut
855 2143 934 2241 ipse
961 2143 1166 2219 statuerat.

492 2427 565 2505 Die
592 2449 695 2503 nona
723 2426 942 2503 novembris
970 2430 1138 2524 ingressu
1157 2428 1216 2504 est
1236 2425 1401 2503 Romam
1419 2425 1575 2503 domina
1591 2425 1826 2526 Elysabetba
1852 2440 1874 2500 s.
1892 2439 1947 2499 loe
1964 2457 1993 2499 v.

384 2571 532 2647 ducissa
559 2571 649 2645 Rari
677 2593 775 2668 quae
804 2571 929 2646 noluit
955 2570 1070 2666 recipi
1098 2571 1319 2646 solemniter
1343 2573 1389 2646 ut
1407 2572 1513 2667 Papa
1533 2573 1738 2664 statuerat,
1759 2571 1824 2647 sed

384 2715 607 2813 simpliciter
634 2718 675 2792 et
700 2715 894 2813 privatim,
923 2717 963 2790 et
990 2715 1201 2792 cardinales
1230 2715 1350 2813 aliqui
1377 2714 1458 2790 bini
1486 2717 1528 2790 et
1555 2715 1655 2790 terni
1690 2719 1826 2812 postea

386 2860 596 2934 visitarunt
623 2858 742 2932 illam.
771 2858 822 2933 Et
849 2881 934 2932 cunr
963 2857 1032 2931 illa
1060 2857 1294 2933 desideraret
1321 2857 1451 2932 videre
1470 2856 1682 2955 cappellam
1709 2881 1824 2954 papa·

383 2999 458 3075 lem
487 2999 666 3095 illiusque
694 3000 875 3071 ornatum
904 3019 948 3073 ac
976 2997 1115 3072 ibidem
1145 2996 1299 3072 missam
1318 3019 1364 3072 ex
1394 2996 1600 3073 devotione
1618 2996 1763 3090 audire,
1783 3001 1825 3072 et

382 3164 451 3218 nos
479 3141 714 3234 inibiremus,
732 3139 822 3237 quia
838 3139 1061 3216 mulieribus
1080 3139 1238 3238 ingredi,
1259 3142 1300 3216 et
1318 3137 1455 3216 missae
1475 3139 1616 3217 ibidem
1641 3139 1824 3220 interesse

382 3309 460 3362 non
487 3287 593 3377 lieet;
624 3288 728 3384 Papa
755 3287 886 3362 tamen
914 3285 1231 3384 supplicationem
1249 3285 1430 3382 signavit,
1458 3288 1500 3361 et
1523 3285 1679 3362 admisit
1698 3285 1824 3364 ducis·

383 3453 464 3505 sam
492 3431 532 3505 in
560 3429 742 3527 cappella,
772 3428 838 3503 ubi
866 3432 1023 3505 cantata
1051 3432 1110 3506 est
1137 3429 1253 3505 missa
1289 3451 1355 3526 per
1397 3429 1614 3527 episcopum
1655 3433 1822 3506 caserta·

381 3597 474 3647 num
502 3573 542 3647 in
570 3571 630 3648 die
659 3572 848 3648 dominica
876 3594 974 3669 quae
1000 3573 1077 3647 luit
1105 3571 1296 3648 dedicatio
1323 3573 1506 3648 basilicae
1534 3572 1821 3670 Apostolorum.

382 3717 475 3792 Post
501 3717 656 3794 missam
684 3715 887 3793 cardinalis
915 3715 1007 3792 Cibo
1035 3715 1217 3793 diaconus
1244 3715 1356 3793 duxit
1392 3737 1477 3794 eam
1504 3739 1573 3816 per
1599 3720 1727 3794 totum
1755 3741 1821 3816 pa·

382 3826 520 3938 latium
550 3859 666 3938 etad
695 3860 891 3940 basilicam
918 3861 967 3937 ad
995 3860 1204 3939 videndum
1231 3859 1392 3940 Vultum
1421 3861 1615 3942 Sanctum.
1893 3843 1896 3850 ¹

487 4150 558 4226 Die
585 4149 763 4224 mercurii
791 4148 1040 4225 decimanona
1068 4147 1287 4242 decembris,
1316 4149 1441 4226 factus
1460 4153 1519 4226 est
1537 4150 1688 4248 legatus
1708 4173 1820 4250 peru·
1848 4151 1871 4211 s·
1888 4153 1944 4212 4oe
1962 4171 1990 4212 r.

384 4295 491 4370 siuns
520 4293 662 4370 Silvius
689 4291 892 4369 cardinalis
933 4291 1193 4384 cortonieusis,
1223 4292 1288 4390 qui
1318 4295 1405 4392 post
1436 4294 1703 4371 consistorium
1744 4319 1821 4373 non

379 4439 455 4514 luit
482 4439 618 4515 ductus
646 4462 670 4513 a
697 4437 855 4536 collegio
884 4436 933 4512 ad
960 4438 1074 4513 aedes
1101 4459 1201 4530 suas,
1234 4437 1325 4536 quia
1353 4439 1432 4537 ipse
1459 4463 1536 4515 non
1564 4439 1729 4516 curavit.

485 4721 556 4796 Die
583 4720 707 4796 sancti
735 4719 919 4819 Stephani
947 4719 987 4794 in
1015 4720 1187 4818 cappella
1220 4720 1374 4795 missam
1404 4721 1579 4828 cantavit
1616 4723 1821 4802 cardinalis
1848 4721 1872 4782 f·
1889 4721 1943 4780 ⁴⁰⁹
1960 4739 1990 4781 v.

380 4864 425 4938 de
454 4863 578 4956 Valle,
607 4885 820 4938 sermonem
848 4861 986 4938 habuit
1012 4861 1114 4938 lilius
1142 4863 1287 4940 domini
1314 4862 1427 4939 Marii
1447 4865 1494 4941 de
1514 4867 1715 4944 Peruschis
1734 4892 1820 4967 pro·

380 5006 566 5082 curatoris
593 5004 730 5082 fiscalis
771 5027 865 5103 puer
892 5026 1081 5080 annorum
1123 5004 1306 5083 tredecim
1334 5009 1375 5082 et
1415 5006 1584 5083 nondum
1621 5009 1661 5085 in
1690 5010 1822 5089 ordine

380 5153 509 5250 aliquo
538 5149 790 5228 ecclesiastico
819 5149 1065 5242 constitutus,
1095 5149 1161 5248 qui
1187 5149 1369 5227 recitavit
1395 5149 1609 5228 doctrinam
1640 5152 1820 5251 alienam,

380 5296 427 5374 de
455 5319 531 5395 qno
559 5296 665 5394 Papa
691 5317 754 5372 me
782 5293 1014 5391 obiurgavit.

921 5520 1293 5540 ——q

485 5570 519 5631 ll
