4970 6352
1179 549 1301 622 resson
1324 577 1370 622 nn
1394 575 1509 623 seusei

1424 668 1697 675 ..-——--.----
1708 669 1713 674 .
1725 669 1766 675 ....·
1778 669 1825 676 ...η-

672 758 686 793 ’
715 795 933 871 Hadrianus
960 795 1068 870 tituli
1094 800 1312 872 sanctorum
1342 797 1497 873 Ioannis
1524 800 1565 872 et
1592 797 1705 873 Pauli

715 940 977 1017 Perdinandus
1006 941 1125 1016 tituli
1142 945 1266 1020 sancti
1293 943 1487 1019 Pancratii
1515 941 1738 1018 melfitensis

716 1076 860 1158 Silvius
885 1083 994 1158 tituli
1021 1083 1144 1158 sancti
1172 1083 1370 1160 Laurentii
1398 1085 1438 1158 in
1465 1083 1608 1159 Lucina
1636 1087 1874 1162 cortonensis

715 1225 896 1324 Aloysius
923 1226 1031 1301 tituli
1059 1229 1182 1303 sancti
1211 1227 1415 1305 Clementis
1444 1229 1490 1304 de
1516 1230 1659 1307 Rubeis

715 1371 935 1454 Franciscus
963 1372 1071 1446 tituli
1098 1374 1221 1450 sancti
1248 1372 1388 1448 calixti
1415 1374 1617 1449 Armellini

715 1514 880 1588 Thomas
907 1515 1015 1590 tituli
1043 1513 1167 1591 sa'ucti
1194 1515 1294 1590 Sixti
1320 1517 1526 1612 Oajetenus

715 1657 897 1754 Aegidius
924 1657 1031 1733 tituli
1059 1659 1181 1734 sancti
1209 1658 1373 1736 Matthei

716 1766 1022 1896 chrystophorus
1048 1801 1156 1875 tituli
1182 1805 1338 1877 sanctae
1365 1803 1509 1880 Mariae
1536 1805 1577 1878 in
1603 1804 1779 1880 Aracaeli
1794 1803 2047 1881 foroliviensis

716 1939 761 2017 G.
789 1941 1026 2019 Raimundus
1053 1942 1162 2018 tituli
1188 1945 1311 2020 sancti
1338 1945 1509 2022 Marcelli
1536 1946 1584 2024 de
1611 1945 1706 2023 Vich

1041 2427 1044 2436 .
1143 2363 1292 2446 Diuooai
1318 2371 1513 2447 cardinales

716 2648 933 2725 Alexander
959 2651 1082 2726 sancti
1110 2649 1308 2726 Eustachii
1335 2651 1382 2728 de
1408 2653 1588 2729 Farnesio

715 2788 934 2888 Hippolitus
960 2793 1115 2866 sanctae
1142 2790 1281 2866 Lucina
1308 2791 1350 2866 in
1376 2792 1480 2869 silice
1508 2793 1667 2870 estensis

716 2931 896 3030 Aloysius
924 2936 1081 3008 sanctae
1108 2931 1252 3008 Mariae
1281 2935 1321 3007 in
1349 2933 1545 3010 (losrnedin
1575 2934 1623 3010 de
1649 2935 1843 3033 Aregonia

716 3075 866 3150 Marcus
893 3078 1047 3151 sanctae
1073 3074 1218 3152 Mariae
1245 3077 1286 3151 in
1313 3078 1377 3155 via
1403 3078 1493 3154 lats.
1514 3049 1711 3155 Cornelius

715 3215 908 3293 Amadeus
936 3218 1058 3294 sancti
1085 3216 1234 3294 Nicolai
1262 3219 1302 3294 in
1330 3241 1478 3296 carcere
1506 3219 1553 3295 de
1579 3220 1758 3297 Albratto
1804 3292 1807 3299 .

716 3356 980 3455 sigismundus
1007 3363 1163 3434 sancus
1190 3359 1335 3435 Mariae
1361 3360 1495 3436 Novae
1523 3360 1571 3436 de
1598 3361 1773 3458 (lonzaga

716 3500 913 3576 Mattheus
940 3471 1064 3576 sassa
1091 3500 1229 3598 nsgsu
1256 3501 1445 3576 curcensis

715 3644 931 3721 Bernardus
958 3649 1114 3722 sanctae
1141 3646 1285 3720 Mariae
1313 3644 1352 3719 in
1380 3644 1530 3743 porticu
1558 3644 1606 3722 de
1633 3645 1794 3723 Bibiena

715 3787 960 3865 Innocentius
989 3792 1145 3864 sanctae
1172 3787 1316 3864 Mariae
1346 3787 1387 3861 in
1414 3786 1723 3900 dominicatlibo

714 3932 876 4008 Iacobus
902 3933 1057 4007 sanctae
1085 3931 1230 4008 Mariae
1256 3931 1297 4012 in
1325 3930 1459 4026 aquiro
1488 3933 1765 4008 carnotenensis

716 4071 959 4148 Franciottus
986 4071 1109 4147 sancti
1138 4070 1277 4168 Georgi
1305 4071 1352 4146 de
1379 4069 1526 4145 Ursinis

714 4183 862 4292 ¹Paulus
890 4215 1012 4292 sancti
1040 4216 1189 4292 Nicolai
1216 4217 1317 4294 inter
1344 4215 1528 4313 imagines
1556 4213 1603 4298 de
1630 4214 1732 4294 cesis

716 4363 933 4438 Alexander
959 4365 1180 4438 sanctorum
1209 4360 1329 4458 Sergii
1357 4359 1563 4436 etBacchi
1591 4359 1637 4435 de
1665 4359 1852 4437 Oeearinis

720 4504 884 4582 Ioannes
910 4508 1128 4580 sanctorum
1157 4505 1313 4580 Oosmae
1340 4508 1380 4579 et
1407 4503 1585 4577 Damiani
1613 4502 1659 4576 de
1687 4502 1869 4581 Salviatis

715 4648 896 4724 Nicolaus
923 4643 1046 4723 saneti
1073 4647 1154 4723 Viti
1182 4648 1221 4721 in
1249 4645 1408 4722 macello
1437 4647 1653 4742 martyrum
1681 4645 1727 4720 de
1754 4644 1964 4742 Rodulphis

715 4787 897 4862 Hercules
925 4790 1080 4862 sanctae
1107 4785 1256 4882 Agatae
1284 4786 1330 4861 de
1357 4785 1606 4882 Raugonibus

716 4930 956 5025 Augustinus
984 4929 1107 5004 sancti
1133 4929 1319 5003 Hadriani
1347 4928 1394 5004 da
1423 4929 1623 5006 Trivultiis

715 5069 938 5146 Franciscus
965 5071 1089 5146 sancti
1116 5069 1305 5146 Theodori
1332 5070 1487 5165 pisanus

714 5209 932 5312 Alphonsus
959 5215 1115 5290 sanctae
1141 5212 1280 5290 Luciae
1306 5211 1346 5286 in
1374 5209 1569 5309 septisolio
1596 5209 1906 5309 portugalliensis
