4970 6352
606 507 628 569 4
1160 525 1284 570 namon
1306 525 1352 569 nn
1375 525 1490 571 onassr

1134 618 1146 622 ,
1164 615 1322 623 .-—,—.,—
1503 614 1628 622 ...η-μη.
1641 615 1664 620 .-
1673 615 1681 620 .
1689 611 1824 620 Ἰ-------.------οι
1831 611 2041 620 --.φῇ-...ιι-

607 741 908 837 provvidendum
950 764 1063 841 super
1105 741 1229 817 tribus
1271 743 1402 834 rebus,
1444 762 1581 838 nempe
1620 763 1734 838 super
1769 737 2040 814 reformatione

607 905 758 956 morum
776 886 816 956 et
834 904 964 957 rerum
993 885 1109 974 urbis,
1138 890 1180 957 et
1206 907 1320 980 super
1351 903 1443 978 pace
1471 885 1512 956 et
1539 883 1668 976 quiete
1687 879 1917 975 reipublicae
1943 878 2042 952 chri-

608 1024 768 1113 stianae,
798 1027 838 1098 et
866 1024 984 1120 tertio
1011 1045 1124 1119 super
1150 1024 1357 1098 schismate
1384 1022 1566 1098 tollendo.

422 1321 484 1377 rol.
503 1322 538 1376 41
556 1337 580 1375 r.
715 1303 786 1378 Die
813 1304 1002 1380 dominica
1021 1305 1387 1401 vigesimasecunda
1413 1305 1506 1400 maji
1525 1307 1603 1378 tres
1625 1309 1797 1378 oratores
1815 1305 2043 1380 marchionis

581 1481 583 1486 ·
608 1439 826 1518 mantuani
838 1445 972 1520 urbem
1000 1444 1160 1542 ingrcssi
1174 1449 1265 1520 sunt
1282 1470 1349 1544 per
1368 1447 1425 1539 (9)
1444 1450 1595 1542 portam
1624 1467 1721 1542 quoe
1739 1449 1799 1521 est
1817 1445 1918 1542 apud
1933 1447 2042 1521 Pala·

609 1588 719 1680 tium,
736 1591 777 1661 et
803 1585 864 1662 die
884 1587 998 1663 lunae
1024 1588 1221 1684 trigesime
1248 1589 1338 1685 maij
1368 1591 1409 1663 in
1435 1589 1587 1685 publico
1615 1589 1838 1664 consistorio
1866 1575 2042 1664 obedien·

609 1730 704 1802 tiam
734 1730 1011 1826 praestiterunt
1039 1727 1125 1804 Sedi
1153 1730 1405 1826 Apostolicae.

458 2025 479 2080 f.
498 2027 533 2080 41
552 2042 581 2082 v.
717 2010 788 2085 Die
807 2013 941 2084 martis
961 2013 1303 2108 vigesimaquarta
1323 2015 1412 2109 maij
1443 2016 1615 2088 oratores
1632 2013 1824 2086 florentini
1854 2035 1919 2108 per
1942 2036 2043 2088 cam·

610 2150 696 2223 dem
716 2153 866 2243 portam
886 2150 1045 2243 ingressi
1064 2174 1224 2226 numero
1251 2154 1439 2244 undecim,
1459 2176 1545 2228 cum
1564 2154 1763 2227 duodecim
1782 2153 1926 2227 fuerint
1949 2155 2045 2228 desi·

609 2289 733 2386 gnati,
762 2293 802 2364 et
829 2291 892 2364 die
920 2293 1072 2366 veneris
1098 2293 1216 2367 tertia
1238 2294 1340 2389 junii
1367 2294 1407 2366 in
1435 2293 1587 2390 publico
1620 2293 1843 2368 consistorio
1871 2291 2047 2366 Pontifici

613 2430 760 2506 concivi
779 2450 849 2503 sno
877 2431 1154 2526 praestiterunt
1180 2433 1448 2510 obedientiam.

465 2727 486 2782 r.
505 2723 542 2780 ee
560 2743 583 2783 r.
718 2709 790 2785 Die
810 2709 999 2786 dominica
1019 2713 1154 2807 quinta
1168 2713 1269 2808 junii
1288 2716 1459 2788 oratores
1478 2713 1554 2788 duo
1573 2715 1672 2809 regis
1691 2713 1884 2804 Poloniae,
1903 2713 2045 2788 archie-

611 2853 785 2948 piscopus
811 2855 1031 2950 gnesnensis
1058 2857 1200 2952 primas
1227 2858 1335 2953 regni
1362 2859 1557 2950 Poloniae,
1585 2860 1627 2931 et
1654 2856 1690 2932 d.
1706 2855 1918 2932 Stadislaus
1944 2857 2044 2932 Baro

549 3057 553 3065 .
612 2997 806 3093 palatinus
825 2997 1024 3073 Ostioreiit
1045 3002 1179 3076 urbem
1194 3001 1353 3096 ingressi
1375 3005 1478 3093 sunt,
1498 3004 1538 3076 et
1557 3001 1617 3075 die
1636 3001 1750 3075 lunae
1769 2998 2048 3075 decimotertio

607 3141 709 3238 junii
736 3165 760 3216 a
788 3139 972 3217 Pontificc
1000 3143 1040 3216 in
1067 3143 1217 3239 publico
1236 3144 1459 3220 consistorio
1487 3145 1641 3221 admissi
1664 3146 1821 3222 fuerunt
1848 3165 1914 3240 pro
1935 3165 2043 3240 prae·

613 3285 751 3360 stando
779 3285 1007 3367 obedientia.
1024 3288 1069 3360 In
1096 3310 1140 3361 eo
1169 3280 1470 3384 archiepiscopus
1496 3290 1714 3384 gnesnensis
1729 3290 1812 3381 (10)
1832 3291 2045 3364 orationem

612 3425 750 3498 habuit
768 3423 835 3518 qui
853 3428 1056 3520 postquam
1085 3426 1265 3520 exposuit
1284 3427 1417 3500 coedes
1435 3451 1458 3500 a
1477 3429 1594 3502 turcis
1622 3430 1805 3523 patratas,
1822 3428 2045 3521 deprecatus

613 3569 672 3640 est
698 3587 837 3660 papam
856 3585 1061 3660 omnesque
1088 3566 1313 3640 christianos
1337 3567 1523 3661 principes
1541 3572 1586 3641 ut
1604 3570 1720 3640 armis
1738 3567 1837 3662 regis
1864 3566 2045 3642 Poloniae

613 3711 654 3782 et
666 3707 887 3802 Hungariae
914 3710 1047 3782 contra
1074 3711 1271 3782 turcarum
1290 3707 1473 3803 impetum
1503 3714 1716 3784 tuerentur.
1735 3709 1781 3783 In
1808 3711 1942 3785 eodem
1960 3731 2046 3785 con-

612 3849 765 3925 sistorio
778 3849 924 3924 creavit
938 3851 1016 3924 tres
1035 3849 1192 3941 milites,
1211 3854 1403 3925 oratorem
1430 3853 1624 3947 polonum,
1639 3856 1681 3926 et
1698 3852 1793 3926 duos
1812 3852 2044 3927 florentinos.

463 4139 483 4194 l.
502 4137 538 4192 48
557 4159 584 4198 v.
720 4127 791 4202 Die
819 4129 997 4203 mercurii
1024 4133 1163 4205 octava
1187 4129 1288 4226 junii
1312 4151 1377 4206 sex
1395 4135 1566 4208 oratores
1600 4155 1774 4208 senenses
1794 4133 1882 4208 laici
1917 4134 2047 4207 urbem

615 4274 776 4372 ingressi
804 4275 899 4349 hora
925 4275 1109 4371 vigesima
1137 4275 1272 4373 prima,
1301 4281 1342 4352 ot
1369 4277 1430 4353 die
1461 4278 1576 4352 lunae
1605 4279 1800 4374 trigesima
1831 4278 1932 4374 junii
1960 4279 2047 4354 obe-

616 4418 802 4494 dientiam
829 4417 1106 4515 praestiterunt
1130 4418 1306 4495 Pontifici
1333 4443 1438 4497 more
1475 4421 1600 4514 solito,
1629 4443 1705 4518 quo
1732 4422 1793 4497 die
1820 4423 2047 4498 castellanus

614 4589 644 4642 s.
664 4562 801 4661 Angoli
829 4561 956 4661 patria
983 4563 1150 4639 senensis
1177 4564 1320 4641 multas
1348 4565 1575 4643 bombardas
1604 4587 1779 4642 resonare
1807 4567 1897 4643 fecit
1924 4568 2019 4660 (ll).

471 4873 545 4930 fico
564 4893 586 4930 r.
722 4849 792 4925 Die
820 4849 970 4926 veneris
997 4848 1143 4926 decima
1162 4851 1324 4948 septima
1343 4852 1438 4927 iunii
1467 4853 1600 4930 habitu
1628 4855 1704 4929 luit
1736 4857 1852 4930 sessio
1886 4857 2047 4952 septima

615 4991 765 5066 concilii
791 4991 1041 5065 lateranensis
1061 4993 1158 5081 (12).
1187 4992 1323 5089 Itaque
1344 4993 1447 5088 Papa
1475 4994 1714 5087 praecedenti
1743 4995 1803 5069 die
1830 4995 1905 5070 iter
1933 5019 2047 5070 suum

616 5128 756 5203 direxit
774 5128 823 5201 ad
842 5127 1086 5219 Lateranum,
1116 5131 1365 5225 sequentibus
1394 5131 1650 5205 cardinalibus
1668 5132 1842 5226 aliisque,
1859 5137 1975 5226 prout
2002 5135 2049 5208 de

619 5289 722 5342 more
741 5271 836 5342 erat.
857 5267 997 5345 Verum
1025 5271 1128 5364 apud
1146 5271 1336 5346 Coliseum
1364 5274 1564 5346 remittens
1593 5271 1803 5348 cardinales
1822 5273 1869 5347 ad
1898 5273 2043 5364 urbem,
