4970 6352
807 642 841 689 m
865 641 979 690 urimo
1002 641 1038 690 nr
1060 638 1144 690 rnna
1166 641 1277 690 arcun
1300 643 1331 692 x.
1749 619 1793 688 47

356 864 403 942 de
431 864 569 940 Saulis.
597 863 853 941 Nihilominus
883 865 963 962 ipsa
999 864 1061 940 die
1089 888 1165 963 qua
1197 865 1400 942 cardinalia
1436 871 1604 943 senensis
1641 866 1689 942 ad
1728 891 1793 965 pa·

356 1010 494 1084 latium
525 1011 632 1088 venit
659 1011 772 1084 simul
801 1034 884 1087 cum
903 1012 984 1106 ipso
1012 1008 1058 1084 de
1087 1008 1212 1085 Saulis
1239 1011 1480 1103 conductore,
1501 1013 1596 1086 hora
1615 1013 1714 1088 circa
1733 1011 1795 1090 de·

357 1155 558 1229 cimanona
584 1155 689 1249 Papa
713 1156 830 1251 jussit
857 1157 1065 1249 utrumque
1092 1155 1133 1228 in
1160 1153 1360 1229 castellum
1388 1155 1485 1229 duci.
1529 1156 1636 1231 lllico
1663 1159 1793 1232 autem

359 1295 465 1390 Papa
493 1296 649 1370 vocavit
675 1296 724 1369 ad
751 1318 790 1369 se
819 1316 949 1368 ornnes
979 1293 1190 1368 cardinales
1218 1298 1258 1368 et
1286 1298 1457 1370 oratores
1485 1297 1698 1392 principum
1730 1295 1796 1391 qui

358 1434 398 1507 in
418 1434 512 1508 urbe
532 1435 644 1508 erant
662 1433 791 1528 eisque
810 1433 923 1528 hujus
943 1435 1125 1528 capturae
1139 1455 1295 1508 causam
1314 1436 1509 1528 patefecit,
1528 1435 1707 1510 videlicet
1719 1457 1797 1508 non

360 1593 441 1648 esse
469 1595 516 1646 ex
544 1595 659 1646 causa
678 1571 823 1662 Status,
852 1593 923 1646 nec
949 1571 1041 1646 belli
1069 1572 1169 1667 quod
1199 1573 1303 1647 inter
1320 1595 1360 1647 se
1387 1575 1428 1646 et
1445 1574 1689 1649 Franciscum
1715 1573 1796 1646 Ma·

357 1713 456 1786 riam
484 1712 597 1801 esset,
625 1735 714 1786 nam
744 1711 790 1786 de
818 1712 890 1786 boc
916 1712 1018 1788 bello
1053 1711 1198 1786 nullam
1232 1713 1423 1787 rationem
1457 1735 1497 1789 se
1528 1714 1627 1790 velle
1658 1713 1798 1788 habere

359 1853 470 1946 dixit,
499 1854 564 1931 sed
594 1854 685 1952 quia
713 1854 923 1931 cardinales
952 1855 1028 1932 duo
1068 1854 1253 1952 praedicti
1281 1858 1417 1931 contra
1454 1879 1653 1953 personam
1688 1879 1798 1942 suani

353 1999 435 2093 jam
450 1999 574 2072 multo
588 2001 761 2093 tempore
780 2021 847 2095 per
866 1999 1008 2074 veneni
1033 1999 1242 2075 mixturam
1260 1999 1470 2076 machinati
1489 2001 1662 2092 fuissent,
1683 2022 1797 2096 quae·

359 2141 602 2218 madmodum
631 2144 704 2219 hoc
737 2142 837 2219 clare
854 2166 907 2219 se
937 2142 1138 2220 ostendere
1178 2143 1278 2220 velle
1305 2147 1464 2242 paratus
1505 2148 1601 2237 erat,
1629 2147 1670 2220 et
1697 2141 1800 2242 quod

359 2310 435 2362 non
463 2288 618 2365 volebat
646 2289 725 2385 ipse
754 2312 794 2365 se
822 2289 861 2362 in
892 2261 1022 2387 aliquo
1061 2288 1322 2365 intromittere
1359 2290 1485 2389 quoad
1512 2313 1650 2368 causae
1685 2290 1800 2389 hujus

359 2435 625 2532 cognitionem,
646 2458 714 2512 nec
739 2435 907 2533 aliquem
935 2457 979 2510 ex
1008 2437 1086 2511 suis
1114 2436 1293 2513 affinibus
1316 2437 1365 2512 ad
1393 2436 1431 2511 id
1450 2436 1647 2536 deputare,
1667 2438 1732 2515 sed
1750 2437 1800 2513 ad

359 2580 568 2656 cardinales
595 2584 724 2656 totum
752 2581 948 2678 negotium
978 2581 1191 2656 remittere.
1220 2581 1357 2678 Itaque
1384 2582 1509 2658 tribus
1543 2583 1800 2659 cardinalibus

359 2747 419 2800 res
447 2726 648 2800 commissa
676 2726 746 2816 est,
776 2747 911 2820 nempe
951 2723 1133 2799 cardinali
1170 2723 1401 2814 sementino,
1438 2724 1622 2800 cardinali
1647 2725 1799 2828 anconi-

358 2869 451 2942 tano
488 2869 726 2964 presbytero,
756 2870 797 2942 et
824 2867 1010 2942 cardinali
1037 2866 1219 2941 Farnesio
1248 2866 1418 2958 diacono,
1452 2871 1499 2941 ut
1529 2866 1570 2941 hi
1598 2868 1712 2942 simul
1744 2869 1801 2942 in·

358 3011 578 3106 telligerent
606 3014 648 3085 et
676 3009 878 3100 referrent,
909 3031 953 3083 aa
982 3008 1132 3084 demum
1162 3009 1233 3105 ipsi
1261 3012 1390 3108 patres
1417 3032 1548 3086 omnes
1576 3012 1801 3087 consistoria

359 3152 448 3228 liter
476 3151 690 3241 definirent,
720 3155 762 3226 et
790 3152 843 3226 sic
872 3153 916 3226 ut
953 3149 1094 3224 dictum
1125 3155 1195 3241 est,
1213 3173 1343 3226 omnes
1380 3153 1591 3228 cardinales
1619 3152 1801 3227 admirati

360 3295 406 3369 de
426 3297 538 3368 tanta
557 3317 665 3370 casus
693 3269 911 3384 atrocitate,
939 3281 1220 3384 concluserunt,
1237 3297 1278 3369 et
1295 3295 1348 3370 sio
1367 3295 1558 3386 abierunt,
1578 3296 1800 3370 remanente

360 3438 499 3535 populo
526 3439 567 3512 in
593 3438 762 3513 maxima
790 3439 884 3514 lacti
912 3437 1179 3536 ambiguitate,
1217 3437 1307 3534 quia
1335 3438 1565 3535 ignorabant
1591 3461 1724 3516 causas
1751 3439 1799 3516 ob

360 3604 455 3678 quas
484 3579 663 3657 Pontifex
692 3583 773 3656 tam
802 3581 890 3674 cito,
921 3584 1082 3680 tamque
1110 3583 1249 3658 acriter
1275 3584 1489 3660 commotus
1507 3583 1654 3660 luisset.

466 3867 653 3963 Vesperae
691 3867 731 3942 in
768 3868 901 3966 vigilia
939 3867 1179 3944 ascensionis
1208 3869 1332 3944 stactae
1359 3841 1518 3944 ¹fuerunt
1556 3871 1595 3944 in
1631 3871 2006 3968 appellaretur.

360 4011 407 4090 ad
436 4037 531 4112 quaa
559 4013 665 4112 Papa
692 4014 908 4092 tardissime
937 4014 1045 4092 venit
1073 4017 1279 4114 occupatus
1307 4037 1394 4092 cum
1422 4013 1629 4092 baronibus
1648 4019 1691 4092 et
1718 4039 1801 4092 ora·

361 4161 509 4236 toribus
545 4161 713 4257 hispanis
741 4183 856 4258 super
883 4164 1044 4258 captura
1083 4159 1284 4238 cardinalis
1320 4159 1367 4234 de
1405 4159 1600 4252 Petrutiis‚
1637 4164 1683 4236 ut
1722 4181 1802 4236 cre·

362 4304 479 4379 ditur.
508 4304 553 4379 ln
589 4304 650 4382 die
678 4304 920 4382 Ascerrsionis
961 4305 1077 4381 missa
1104 4305 1180 4380 fuit
1220 4307 1412 4382 celebrata
1454 4305 1494 4380 in
1521 4328 1550 4381 s.
1594 4307 1709 4382 Petro
1737 4329 1804 4402 per

361 4447 591 4522 cardinalem
621 4451 883 4523 surrentinum
911 4449 1128 4543 episcopum
1157 4449 1412 4539 albanensem,
1438 4452 1479 4524 et
1506 4447 1554 4522 ad
1582 4469 1668 4522 eam
1696 4450 1805 4525 venit

363 4587 468 4683 Papa
497 4589 535 4662 in
564 4589 655 4663 sede
682 4589 845 4679 delatus,
875 4594 921 4664 ut
947 4591 1065 4664 moris
1084 4591 1154 4663 est.
1175 4589 1306 4664 Sermo
1334 4611 1412 4662 non
1439 4587 1516 4662 fuit
1534 4587 1690 4663 habitus
1713 4591 1805 4684 quia

369 4728 601 4824 approbatus
629 4730 721 4802 ante
749 4751 827 4802 non
854 4728 984 4802 fuerat
1010 4752 1033 4802 a
1060 4729 1245 4825 magistro
1272 4729 1421 4826 palatii.

469 5013 538 5088 Die
567 5013 715 5088 veneris
757 5013 1046 5111 vigesimanona
1083 5010 1174 5087 maii
1202 5033 1287 5088 cum
1327 5010 1537 5088 cardinales
1578 5034 1709 5088 omnes
1736 5012 1804 5109 qui
1830 5026 1851 5084 r.
1869 5025 1924 5082 ara
1941 5042 1966 5088 r.

362 5155 399 5230 in
428 5157 541 5232 urbes
566 5159 660 5231 sunt
688 5177 848 5230 numero
863 5155 1078 5251 quindecim
1101 5157 1148 5228 ad
1168 5154 1438 5230 concistorium
1457 5175 1571 5230 mane
1598 5152 1803 5242 venissent,

365 5301 467 5396 Papa
493 5323 539 5376 ea
568 5322 678 5375 mane
706 5298 821 5376 vultu
848 5297 931 5393 ipso
961 5301 1004 5374 et
1031 5320 1206 5376 sermone
1234 5296 1437 5374 ostendens
1463 5319 1509 5402 se⁸
1531 5297 1639 5396 gravi
1661 5318 1703 5372 re
1718 5319 1804 5374 con·

365 5445 451 5521 silla
478 5447 605 5522 animo
631 5446 796 5538 volvere,
818 5447 910 5522 ante
929 5446 1195 5522 consistorium
1217 5445 1338 5544 primo
1357 5467 1423 5544 per
1441 5443 1575 5520 boram
1594 5445 1805 5522 collocutus
