4970 6352
487 849 550 906 Pol.
566 847 619 904 123
637 866 665 907 v.

694 606 737 671 26
1245 625 1368 672 saurus
1391 626 1437 672 uu
1461 627 1577 674 umssr

800 839 871 914 Die
899 841 1013 916 lunae
1042 842 1178 939 quinta
1210 845 1427 919 novembris
1456 845 1533 921 luit
1559 844 1824 921 consistorium
1862 847 2050 919 secretum
2086 845 2125 918 in

694 1003 780 1054 arco
795 982 955 1073 Viterbi,
985 985 1248 1078 praesentiBus
1275 987 1565 1081 quatuordecim
1593 979 1862 1098 cardinalibus,
1878 987 1917 1058 in
1946 1007 2021 1081 quo
2040 1008 2127 1059 cou-

694 1123 841 1197 clusum
867 1123 942 1197 fuit
962 1125 1007 1197 de
1035 1124 1198 1198 discessu
1228 1125 1425 1202 Pontificis
1443 1131 1484 1202 et
1502 1128 1630 1203 curiae
1649 1149 1779 1202 versus
1810 1126 2054 1216 Florentiam,
2084 1147 2128 1198 ac

694 1264 780 1340 iude
801 1263 1012 1340 Bononiam
1032 1288 1099 1361 pro
1118 1288 1206 1364 rege
1226 1265 1407 1344 Francius
1427 1268 1658 1368 excipiendo.
1680 1268 1725 1343 In
1753 1267 1883 1343 serlum
1903 1267 2127 1342 corrsistorio

692 1414 843 1484 creatus
881 1413 940 1485 ost
975 1410 1126 1507 legatus
1168 1410 1271 1486 urbis
1312 1412 1457 1488 Boreae
1484 1437 1515 1486 r.
1550 1413 1586 1488 d.
1624 1412 1827 1488 cardinalis
1860 1413 2127 1488 volaterranus

691 1553 887 1652 spiscopus
913 1556 1188 1654 praenestinus.

797 1837 868 1913 Die
888 1841 1011 1934 prima
1030 1840 1236 1915 decembris
1256 1840 1331 1915 fuit
1349 1842 1615 1916 consistorium
1633 1847 1821 1918 secretum
1840 1857 1907 1940 pro
1930 1843 2123 1917 nonnullis

690 1979 938 2056 observandis
965 1982 1006 2055 in
1034 1981 1202 2059 adventu
1244 1984 1344 2079 regis
1371 1984 1564 2060 Francius.
1594 1985 1639 2058 In
1676 2008 1721 2060 eo
1758 1987 1980 2061 consistorio
2018 1987 2122 2082 Papa

689 2121 837 2197 creavit
863 2105 1011 2217 legatos
1030 2122 1125 2198 duos
1143 2124 1367 2216 cardinales,
1388 2129 1428 2200 et
1445 2126 1558 2200 simul
1590 2126 1805 2200 nominavit
1823 2130 1989 2221 quatuor
2012 2149 2119 2222 prae·

687 2260 788 2334 latos
815 2263 944 2336 curiae
984 2264 1050 2359 qui
1092 2263 1249 2337 fuerunt
1281 2265 1583 2360 archiepiscopus
1618 2267 1886 2360 neapolitanus
1923 2267 1969 2340 de
2005 2265 2118 2340 domo

688 2400 846 2493 (laralia,
865 2404 1044 2499 rheginus
1064 2406 1110 2480 de
1130 2405 1243 2478 domo
1262 2405 1499 2496 Ursinorum,
1521 2408 1716 2500 episcopus
1743 2408 1915 2481 reatinus
1943 2407 1988 2480 de
2008 2407 2120 2479 domo

687 2543 1006 2636 Columnensium,
1041 2551 1081 2620 st
1117 2547 1428 2642 prothonotarius
1465 2547 1511 2620 de
1548 2547 1691 2622 Rubeis
1728 2549 1953 2622 florentinus
1993 2531 2118 2620 affinis

685 2686 824 2782 Papae,
853 2709 928 2783 quo
956 2690 1154 2779 renuente,
1175 2688 1274 2762 alter
1292 2687 1511 2786 designatus
1531 2687 1608 2762 fuit
1626 2689 1672 2764 de
1686 2689 1892 2788 ¹Gozodinis
1911 2689 2118 2762 bononien·

684 2829 746 2921 sis,
762 2833 807 2903 ut
834 2851 965 2904 omues
1004 2833 1246 2906 occurrerent
1272 2829 1364 2926 regi,
1393 2851 1438 2904 ea
1466 2829 1547 2926 lege
1585 2830 1688 2919 data,
1726 2833 1771 2903 ut
1797 2830 1960 2925 praelati
1996 2851 2116 2924 usque

683 2971 863 3047 Parmam
889 2971 1143 3069 pervenirent,
1172 2975 1212 3044 et
1239 2971 1450 3045 cardinales
1468 2969 1586 3065 legati
1606 2991 1682 3043 nou
1715 2971 1819 3044 ultre
1838 2969 1999 3064 Regium
2031 2989 2116 3064 pro·

683 3112 876 3189 cederunt.
906 3111 951 3188 In
980 3112 1114 3190 eodem
1135 3111 1359 3188 consistorio
1378 3114 1506 3186 aetum
1526 3115 1585 3186 ost
1604 3109 1650 3185 de
1669 3111 1890 3187 rnunoribus
1918 3107 2118 3185 offerendis

682 3257 778 3354 Regi
806 3257 1000 3333 occasione
1028 3259 1110 3354 ejus
1138 3257 1339 3350 adventus,
1369 3261 1409 3332 st
1436 3256 1552 3353 Papa,
1582 3279 1622 3331 rs
1643 3257 1810 3331 discussa
1829 3278 1915 3331 cum
1943 3254 2112 3331 cardina-

682 3401 795 3493 libus,
825 3401 966 3477 statuit
998 3403 1118 3479 eidem
1156 3403 1298 3477 donare
1334 3424 1481 3477 crucem
1520 3424 1565 3476 ex
1600 3424 1694 3475 auro
1731 3399 1906 3496 pretiosis
1927 3399 2117 3497 lapidibus

683 3547 861 3618 ornatam
877 3544 1017 3619 valoris
1031 3543 1246 3640 quindecim
1262 3545 1426 3617 millium
1440 3542 1666 3617 ducatorum
1682 3541 1729 3615 ad
1748 3541 1974 3617 thesaurum
1989 3541 2115 3636 Papae

683 3680 709 3755 J
711 3683 780 3757 ulii
807 3687 898 3759 ante
925 3684 1191 3779 pertinentem,
1221 3705 1394 3780 quasque
1421 3682 1514 3757 olim
1542 3682 1670 3756 fuerat
1710 3681 1912 3755 cardinalis
1949 3678 2113 3768 Ascanii,

684 3847 845 3922 eamque
871 3825 1015 3901 obtulit
1042 3827 1122 3921 regi
1145 3847 1192 3901 ex
1221 3824 1393 3898 Bononia
1420 3823 1641 3899 discessuro.

790 4106 861 4181 Die
890 4106 1006 4180 lunae
1032 4107 1151 4181 tertia
1178 4066 1386 4180 decembris
1413 4106 1519 4202 Papa
1546 4128 1592 4181 ex
1619 4104 1814 4179 Florentia
1841 4105 1916 4178 iter
1947 4105 2113 4199 suscepit

685 4269 817 4323 versus
845 4248 1069 4340 Bononiam,
1098 4248 1147 4323 ad
1183 4273 1298 4346 quam
1327 4249 1524 4326 civitatem
1552 4247 1613 4322 die
1641 4250 1791 4324 veneris
1818 4247 2003 4343 pervenit,
2048 4247 2113 4320 ubi

684 4395 815 4468 tamen
843 4395 999 4488 propter
1027 4391 1244 4468 inimicitias
1278 4392 1566 4470 Bentivolorum
1597 4391 1681 4483 (34)
1710 4413 1786 4467 uon
1809 4389 1945 4464 habuit
1964 4388 2114 4487 publiea

682 4535 832 4612 letitiae
859 4537 979 4634 signa,
1009 4559 1107 4633 quae
1135 4537 1277 4633 ubique
1304 4538 1343 4611 in
1371 4539 1441 4612 hoc
1468 4558 1538 4610 suo
1566 4538 1703 4611 itinere
1731 4533 1884 4632 recepit.

790 4819 861 4896 Die
889 4821 1004 4896 lunae
1022 4819 1167 4896 decima
1186 4820 1393 4896 decembris
1420 4821 1459 4895 in
1488 4821 1710 4896 consistorio
1739 4823 1868 4894 actum
1887 4821 1947 4893 est
1964 4817 2010 4893 de
2029 4841 2111 4894 cuo·

680 4963 862 5065 remoniis
890 4961 1085 5038 servandis
1103 4984 1171 5058 pro
1191 4963 1402 5060 recipiendo
1422 4962 1616 5038 Bononiae
1634 4983 1723 5056 rege
1742 4961 1934 5036 Francius.
1953 4959 2111 5054 lusuper

681 5105 721 5178 in
749 5123 794 5177 eo
822 5103 1022 5179 mandavit
1049 5103 1153 5199 Papa
1181 5106 1411 5180 cardinalem
1448 5103 1776 5180 Sanseverinatsm
1807 5125 1884 5175 una
1915 5123 2001 5176 cum
2039 5098 2110 5172 Pa·

680 5242 763 5316 ride
790 5243 973 5337 magistro
1002 5244 1323 5317 caeremoniarum
1353 5247 1463 5322 extra
1490 5245 1640 5338 portam
1668 5239 1853 5337 proficisci
1880 5239 2017 5314 debers
2045 5238 2111 5310 ob·

678 5379 783 5456 viam
802 5381 895 5476 regi,
914 5385 961 5456 ut
979 5380 1040 5456 die
1058 5385 1232 5479 sequenti
1252 5384 1451 5460 undecima
1479 5381 1687 5458 decembris
1706 5381 1862 5475 atquae
1880 5376 2111 5474 praestituta
