4970 6352
1191 570 1313 617 PARlDE
1336 568 1382 615 DE
1405 567 1521 614 GRAECI

650 898 654 904 .
745 795 817 873 Die
845 795 1022 874 mercurii
1050 793 1173 894 prima
1182 794 1286 892 julii,
1310 791 1417 889 Papa
1435 789 1577 867 statuit
1595 789 1636 864 in
1655 809 1700 866 eo
1720 786 1944 864 consistorio
1971 789 2072 886 quod

639 935 859 1012 babendum
887 939 982 1030 erat,
998 958 1127 1014 creare
1154 941 1194 1014 et
1208 938 1429 1037 pubblicare
1456 956 1576 1012 noros
1600 933 1823 1026 cardinales,
1853 933 1954 1008 inter
1982 954 2076 1029 quos

640 1080 908 1177 designaverat
934 1081 1083 1177 aliquos
1109 1104 1197 1158 suos
1234 1083 1459 1190 domesticos
1497 1079 1665 1155 nondum
1706 1077 1910 1176 praelatos.
1952 1077 2076 1164 Quare

639 1243 686 1297 ea
712 1223 794 1319 ipsa
822 1222 883 1295 dis
910 1220 1043 1297 iisdem
1072 1223 1287 1297 domesticis
1309 1223 1666 1318 prothonotariatus
1682 1221 1858 1296 habitum
1873 1221 2074 1309 concessit,

641 1364 683 1438 et
710 1365 797 1457 post
824 1361 980 1435 missam
1007 1361 1191 1452 auditam,
1207 1363 1291 1458 'ipse
1310 1363 1619 1465 stansimposuit
1636 1363 1847 1437 rochetum.
1867 1361 1918 1434 Hi
1946 1363 2076 1435 autern

642 1505 802 1580 fuerunt
829 1503 1019 1596 clotarius,
1049 1526 1173 1580 comes
1191 1504 1373 1581 Hercules
1404 1507 1450 1581 de
1469 1504 1727 1600 Raugonibus,
1752 1504 1927 1579 dominus
1958 1503 2075 1578 Fran·

641 1649 761 1722 ciscus
788 1645 1021 1721 Armellinus
1048 1647 1208 1721 clericus
1236 1668 1422 1740 camerae,
1460 1669 1577 1742 nepos
1604 1669 1696 1720 suus
1724 1646 1770 1720 de
1797 1644 2004 1737 Pandullis,
2036 1649 2078 1720 et

643 1789 795 1864 demum
816 1787 993 1862 dominus
1013 1788 1254 1884 Augustinus
1272 1788 1498 1866 Trivultius.
1519 1788 1565 1862 In
1584 1773 1806 1862 consistorio
1826 1789 1954 1860 autem
1974 1790 2075 1882 post·

642 1952 755 2026 quam
778 1930 940 2025 probata
967 1927 1043 2002 fuit
1070 1929 1297 2004 deliberatio
1316 1932 1444 2027 Papae
1465 1932 1511 2005 de
1529 1933 1638 2005 novis
1665 1929 1921 2004 cardinalibus
1948 1951 2075 2004 crean-

642 2072 711 2167 dis,
741 2070 943 2148 cardinalis
971 2072 1018 2149 de
1046 2071 1202 2150 Medicis
1230 2075 1278 2151 de
1306 2075 1487 2152 mandato
1515 2074 1641 2171 Papae
1668 2071 1858 2149 commisit
1894 2071 2077 2172 magistro

642 2218 980 2310 coeremoniarum,
1004 2221 1048 2294 ut
1063 2217 1178 2315 juxta
1193 2241 1350 2311 morem,
1370 2220 1602 2296 creationem
1621 2240 1808 2294 novorum
1826 2215 2079 2292 cardinalium

643 2382 802 2437 numero
830 2360 993 2455 triginta
1019 2362 1060 2435 et
1088 2385 1207 2437 uuum
1235 2363 1459 2458 publicaret:
1489 2360 1644 2436 nomina
1671 2363 1804 2434 autem
1831 2359 1925 2435 baec
1952 2362 2063 2434 sunt:

750 2503 969 2578 Franciscus
997 2503 1044 2578 de
1072 2501 1286 2578 Comitibus
1314 2507 1458 2581 electus
1485 2527 1671 2580 consonus
1699 2526 1879 2579 romanus

728 2647 919 2722 dodanus
938 2646 993 2748 ¹de
1022 2646 1306 2723 Piccolomineis
1334 2647 1635 2746 archiepiscopus
1662 2631 1833 2722 senensis

751 2791 911 2866 Joannfs
938 2789 1159 2866 Dominicus
1186 2791 1233 2868 de
1261 2791 1374 2888 cupis
1401 2792 1545 2866 electus
1572 2790 1762 2864 tranensis
1789 2810 1970 2864 romanus

750 2931 931 3006 Nicolaus
960 2931 1157 3027 episcopus
1185 2931 1421 3027 pistoriensis
1449 2933 1585 3004 absens
1613 2952 1801 3004 annorum
1834 2929 2079 3025 septuaginta

646 3071 816 3168 quinque

751 3211 921 3308 Raphael
948 3209 1142 3309 episcopus
1170 3212 1420 3308 grossetanus·
1455 3212 1636 3304 senensis,
1664 3211 1697 3283 is
1731 3209 1807 3285 fuit
1848 3209 2078 3284 castellanus

645 3355 768 3430 sancti
794 3353 944 3448 Angeli,
973 3354 1110 3428 absens

752 3493 923 3568 Andreas
951 3475 998 3568 de
1025 3493 1135 3569 Valle
1162 3493 1358 3591 episcopus
1387 3494 1591 3569 militensis
1619 3514 1800 3567 romanus

751 3635 968 3712 Bonifatius
996 3635 1191 3713 Ferrarius
1218 3638 1415 3735 episcopus
1442 3635 1720 3736 hiporygiensis

752 3781 919 3858 Joannes
961 3781 1138 3880 Baptista
1179 3782 1450 3859 Pallavicinius
1490 3783 1686 3880 episcopus
1723 3779 1981 3858 cavellicensis
2014 3778 2074 3876 ja·

566 3925 570 3933 “
647 3925 802 4001 nuensis
829 3924 1106 4000 referendarius

754 4067 992 4144 Scaramutia
1021 4068 1233 4146 Trivultius
1265 4070 1460 4168 episcopus
1488 4069 1672 4146 comensis
1701 4065 1991 4144 medionalensis
2019 4088 2077 4142 re·

647 4210 883 4286 ferendarius

752 4356 955 4451 Pompejus
984 4355 1170 4431 Columna
1197 4358 1391 4454 episcopus
1419 4357 1589 4432 reatinus
1617 4355 1810 4429 Romanus
1837 4353 1981 4427 absens.

754 4499 972 4574 Dominicus
1013 4498 1060 4572 de
1088 4499 1300 4596 Jacobatijs
1342 4500 1537 4596 episcopus
1564 4499 1755 4574 lucerinus
1796 4518 1974 4572 romanus
2011 4519 2078 4571 au·

646 4641 748 4717 ditor
776 4643 899 4717 Rotas
927 4665 1115 4716 annorum
1142 4645 1387 4740 septuaginta
1415 4648 1591 4738 quatuor.

752 4783 972 4860 franciscus
1000 4783 1047 4860 de
1074 4784 1221 4860 Vandoi
1250 4787 1444 4882 episcopus
1471 4783 1714 4859 laudanensis
1742 4784 1875 4858 absens
1902 4782 2040 4877 gallus.

754 4924 946 5000 Adrianus
974 4925 1021 4999 de
1052 4925 1225 5002 Trivetto
1244 4928 1440 5023 episcopus
1459 4925 1674 5022 portuensis
1706 4925 1842 4998 absens
1878 4923 2081 5018 flamingus

753 5064 982 5140 Laurentius
1009 5063 1234 5162 Campegius
1252 5067 1395 5141 electus
1426 5065 1618 5140 feltrensis
1643 5063 1897 5154 bononiensis,
1925 5063 2081 5137 auditor

647 5207 770 5283 Rotae
798 5211 838 5284 et
865 5208 1012 5302 absens,
1041 5207 1142 5306 apud
1171 5209 1372 5284 Gaesarem
1400 5211 1542 5284 orator.
