4970 6352
886 604 919 648 m
944 601 1056 650 ortuuo
1081 602 1114 646 nr
1141 599 1220 646 rum
1246 599 1357 645 cacan
1381 601 1413 646 x.
1844 579 1866 642 l'r

429 700 434 705 -
443 693 1117 706 -n—--u———m-——m-u-
1655 689 1852 698 *n—-n
1865 691 1867 696 ι

429 825 507 920 ipse
535 823 582 898 ad
616 823 847 899 Lateranum
875 821 1062 919 pervenit,
1092 820 1220 917 ibique
1262 841 1347 896 curn
1386 820 1465 895 suis
1505 819 1758 918 pernoctavit.
1787 817 1868 893 Nec

428 971 559 1041 tamen
574 970 667 1042 tunc
685 967 879 1042 ecclesiam
895 966 1086 1061 ingressus
1106 968 1176 1054 est,
1193 965 1258 1039 sed
1273 986 1340 1058 per
1358 964 1479 1040 scalas
1494 987 1620 1039 sacras
1635 984 1734 1059 quae
1749 963 1866 1060 vulgo

426 1111 542 1184 Pilati
570 1110 751 1185 dicuntur
779 1110 819 1182 in
847 1132 959 1182 suum
988 1110 1177 1203 palatium
1205 1107 1322 1180 venit.
1344 1108 1455 1180 Mane
1485 1109 1616 1182 autem
1635 1106 1684 1179 ob
1708 1124 1866 1200 magnos

425 1250 568 1324 calores
596 1249 853 1322 tardiusculus
882 1269 928 1322 ex
956 1247 1129 1320 cubiculo
1146 1246 1277 1334 exivit,
1298 1249 1502 1342 postquam
1523 1245 1570 1318 de
1590 1245 1781 1339 aliquibus
1799 1266 1865 1320 ne·

423 1389 538 1484 gotiis
565 1411 652 1462 cum
680 1387 897 1462 oratoribus
934 1386 1063 1460 fuerat
1090 1385 1313 1462 collocutus.
1343 1388 1468 1474 Quare
1496 1409 1583 1462 cum
1623 1386 1737 1460 nimis
1778 1407 1864 1482 pro·

424 1533 550 1605 tracta
592 1531 728 1604 fuisset
768 1529 863 1605 hora
904 1529 1091 1618 sessionis,
1128 1531 1242 1606 missa
1284 1531 1477 1607 celebrata
1504 1530 1580 1604 fuit
1616 1531 1698 1605 sine
1734 1531 1863 1605 centu.

424 1673 644 1748 Orationem
681 1671 820 1746 habuit
848 1671 1027 1744 Baltasar
1054 1669 1237 1765 hispanus
1265 1669 1492 1745 secretarius
1521 1668 1724 1744 cardinalis
1753 1668 1863 1743 arbo·
1946 1722 1948 1728 -

424 1814 554 1903 ronsis,
584 1838 661 1909 qua
689 1813 852 1910 expleta,
882 1811 1141 1908 indulgentias
1175 1811 1346 1885 obtinuit
1373 1812 1520 1908 septem
1540 1832 1741 1884 annorum.
1767 1808 1865 1882 Tum

426 1960 529 2055 Papa
556 1958 774 2054 impertitus
793 1961 852 2033 est
870 1959 1080 2034 solemnem
1100 1954 1418 2044 benedictionem,
1439 1956 1480 2028 et
1498 1953 1715 2050 praedictus
1734 1954 1866 2027 orator

424 2098 681 2194 indulgentias
710 2098 930 2194 publicavit.
960 2098 1098 2173 Omnes
1127 2097 1276 2172 mitrati
1305 2117 1464 2171 numero
1494 2097 1649 2171 centum
1677 2096 1719 2171 et
1746 2093 1864 2170 unde·

425 2241 524 2316 cium
544 2241 698 2315 admissi
718 2245 810 2315 sunt
829 2209 1154 2316 adreverentiam
1169 2239 1436 2336 praestandam
1458 2239 1646 2329 Pontifici,
1676 2239 1717 2315 et
1735 2259 1866 2334 preces

423 2380 644 2455 solemniter
662 2381 842 2455 cantatae
861 2381 1030 2456 fuerunt.
1052 2381 1197 2468 Quibus
1211 2382 1385 2477 peractis,
1404 2384 1576 2457 oratores
1596 2379 1716 2477 aliqui
1731 2401 1866 2476 nempe

427 2521 604 2597 l’oloniae
631 2525 672 2597 et
712 2521 918 2598 Mediolani
945 2526 985 2597 et
1012 2523 1195 2597 Mantuae
1222 2525 1263 2597 et
1290 2521 1396 2597 ducis
1429 2521 1644 2597 Posnaniae
1678 2520 1719 2594 in
1746 2541 1864 2616 reguo

425 2663 605 2741 l'oloniae
634 2665 861 2740 obtulerunt
889 2665 1015 2761 Papae
1042 2666 1174 2741 literas
1202 2689 1316 2763 snper
1343 2689 1476 2742 eorum
1503 2665 1735 2741 adhaesione
1776 2686 1864 2739 con·

422 2803 508 2879 cilio
537 2805 782 2896 lateranensi,
812 2828 908 2902 quas
946 2806 1077 2880 literas
1107 2806 1201 2902 legit
1228 2807 1268 2881 in
1293 2808 1445 2903 'pulpito
1475 2806 1510 2880 d.
1540 2807 1664 2880 Fedra
1699 2809 1863 2881 secreta·

424 2946 502 3020 rius
529 2947 688 3022 concilii.
718 2947 834 3021 Multi
870 2946 989 3022 etiem
1016 2947 1230 3022 multorum
1259 2951 1521 3044 episcoporum
1550 2948 1590 3021 in
1619 2947 1778 3023 diversis
1806 2968 1864 3022 re·

422 3089 506 3186 gnis
543 3092 583 3164 et
619 3089 822 3185 provinciis
851 3093 1117 3186 procuratores
1154 3091 1398 3167 tradiderunt
1425 3091 1698 3188 protonotariis
1732 3091 1866 3166 literas

424 3229 561 3325 quibus
603 3230 836 3305 excusabant
865 3232 1038 3306 dominos
1059 3255 1163 3346 ¹suos
1199 3234 1438 3330 principales,
1473 3233 1606 3309 addito
1648 3232 1864 3307 iuramento

423 3375 462 3447 in
491 3373 637 3449 animas
652 3376 918 3473 principalium
949 3376 1181 3468 eorumdem,
1198 3399 1296 3473 quae
1316 3377 1451 3453 literae
1469 3378 1592 3454 lectae
1611 3399 1688 3452 uon
1708 3377 1866 3451 fuerunt

421 3520 460 3594 in
487 3522 648 3618 pulpita.
680 3522 879 3598 Postremo
907 3523 1010 3596 idem
1037 3523 1160 3598 Fedra
1196 3523 1291 3620 legit
1328 3523 1533 3619 quamdam
1570 3522 1742 3598 cedulam
1785 3523 1866 3597 sive

420 3664 552 3740 literas
568 3668 745 3762 patentes
760 3667 985 3742 bernardini
1001 3667 1190 3763 Carvajal,
1208 3673 1247 3742 et
1262 3667 1429 3744 Foderici
1446 3661 1754 3743 Sanseverinatis
1772 3667 1865 3742 olim

420 3808 673 3883 cardinalium
702 3810 1031 3886 schismaticorum
1060 3811 1292 3907 subscriptus
1320 3812 1482 3909 propriis
1515 3834 1646 3888 eorum
1676 3811 1865 3902 manibus,

422 3979 488 4052 per
506 3981 601 4053 quas
622 3956 691 4054 ipsi
707 3957 991 4032 confitebantur
1010 3980 1188 4048 errorem,
1206 3963 1247 4034 et
1265 3961 1487 4035 asserebant
1501 3958 1703 4034 concilium
1724 3958 1863 4033 latera·

422 4120 536 4172 nense
556 4120 636 4173 esse
650 4091 866 4194 legitimum
881 4101 921 4172 et
940 4121 1072 4174 verum
1095 4103 1136 4174 et
1155 4101 1321 4190 unicum,
1337 4103 1378 4175 et
1406 4099 1685 4195 promittebant
1712 4120 1752 4173 se
1766 4099 1865 4174 velle

421 4239 524 4312 illius
552 4237 811 4314 sanctionibus
838 4241 953 4330 staro,
981 4242 1023 4315 et
1050 4242 1314 4338 approbabant
1334 4242 1462 4316 omnia
1481 4241 1623 4316 ibidem
1642 4243 1730 4316 acta
1748 4240 1865 4316 fuisse

420 4381 516 4457 bene
544 4383 585 4457 et
612 4385 742 4457 sancte
770 4384 889 4480 gesta,
911 4384 951 4459 et
971 4384 1225 4481 precabuntur
1252 4385 1482 4482 pontificem,
1502 4387 1542 4460 et
1561 4405 1692 4460 omnes
1712 4384 1758 4459 de
1777 4404 1864 4458 con-

421 4527 507 4602 cilio
535 4549 776 4624 perseverare
805 4527 851 4602 de
880 4528 979 4604 bono
1008 4528 1047 4602 in
1076 4503 1223 4619 melius,
1252 4533 1293 4605 et
1320 4529 1418 4606 velle
1446 4529 1587 4606 habere
1606 4551 1646 4606 se
1665 4551 1735 4625 pro
1763 4550 1864 4604 com·

422 4671 620 4759 mandatis,
650 4691 749 4767 quae
777 4671 890 4745 lectio
918 4670 971 4746 sic
998 4670 1144 4767 placuit
1167 4671 1340 4766 patribus
1361 4675 1406 4745 ut
1434 4671 1553 4746 Deum
1585 4669 1862 4746 benedicerent.

422 4811 584 4885 lleurum
626 4815 821 4909 episcopus
859 4812 905 4888 de
942 4811 1127 4885 Columna
1164 4811 1232 4905 qui
1269 4811 1346 4884 luit
1385 4819 1491 4884 rmus
1529 4835 1564 4907 p.
1595 4810 1630 4883 d.
1660 4811 1864 4905 Pompeius

422 4955 618 5051 opiscopus
647 4955 820 5031 reatinus
856 4954 964 5030 venit
992 4953 1040 5028 ml
1068 4953 1213 5051 Papam
1241 4977 1326 5029 curu
1354 4955 1483 5031 rotulo
1521 4953 1690 5044 cedulae,
1729 4954 1770 5030 et
1797 4953 1863 5026 ob-

421 5099 532 5173 tenta
555 5097 753 5190 facrrltate,
782 5097 987 5173 ascendens
1014 5097 1207 5195 pulpitum
1236 5119 1320 5172 eam
1349 5097 1443 5194 legit
1471 5099 1510 5171 in
1538 5121 1615 5193 qua
1656 5097 1750 5170 haec
1787 5097 1864 5170 tria

421 5238 727 5328 continebantur;
749 5238 926 5316 videlicet
945 5237 1046 5335 quod
1065 5239 1343 5335 prorogabatur
1371 5238 1559 5314 termiuus
1589 5241 1723 5314 contra
1751 5259 1862 5335 pree·

421 5380 520 5456 latos
561 5383 728 5457 nationis
768 5383 927 5480 gallicae
969 5407 1081 5478 super
1123 5385 1358 5478 praegrnatica
1401 5383 1598 5458 sanctione
1649 5405 1766 5478 usque
1811 5381 1859 5457 ad
