4970 6352
833 658 866 704 m
889 657 1005 706 nmmo
1028 659 1064 706 nr
1086 657 1170 706 rara
1192 658 1306 707 anona
1329 661 1361 736 ¹:
1778 641 1823 712 48

383 880 475 953 srmt
503 880 549 951 ut
577 901 600 950 a
627 874 742 950 simili
771 873 1079 972 praesumptione
1097 876 1335 968 desisterent,
1355 881 1396 953 et
1414 901 1482 973 pro
1502 901 1571 954 suo
1599 878 1721 954 officio
1736 900 1819 975 per·

381 1023 516 1118 gerent
543 1021 592 1096 ad
620 1021 747 1116 capita
775 1021 925 1094 viarum
954 1041 1020 1116 per
1039 1041 1134 1116 quas
1154 1018 1260 1113 Papa
1278 1020 1379 1092 esset
1397 1017 1646 1092 transiturus.
1671 1015 1823 1092 Pariter

385 1167 556 1240 oratores
582 1162 675 1259 regii
705 1165 747 1237 et
772 1163 988 1258 imperiales
1006 1161 1217 1237 noluerunt
1235 1160 1322 1254 post
1339 1161 1449 1254 terga
1468 1181 1601 1233 eorum
1620 1155 1821 1252 procedere

382 1306 505 1382 certos
532 1307 688 1401 nepotes
717 1304 856 1400 Papae.
872 1325 957 1380 cum
986 1303 1057 1401 ipsi
1086 1301 1256 1378 contenti
1277 1300 1579 1375 assentientem
1606 1299 1737 1376 cedere
1756 1321 1822 1375 ne·

382 1447 465 1545 poti
494 1448 619 1544 Papae
647 1445 714 1541 qui
741 1448 825 1521 erat
852 1444 929 1519 dux
970 1445 1123 1521 Urbini:
1162 1444 1374 1550 cardinales
1401 1443 1547 1520 dimissi
1583 1447 1741 1521 luerunt
1772 1443 1822 1518 ad

382 1609 411 1662 s.
440 1587 602 1662 Mariam
630 1586 793 1662 Novam.

486 1872 557 1948 Die
586 1874 701 1948 lunae
729 1873 985 1949 decimasexta
1013 1873 1144 1946 martii
1172 1873 1307 1948 habita
1333 1872 1411 1947 fuit
1441 1873 1559 1949 sessio
1586 1876 1628 1949 in
1659 1873 1982 1956 conciliorum
1996 1915 2025 1956 v.

380 2015 610 2090 lateranensi
639 2017 838 2111 praesente
862 2015 967 2112 Papa
985 2016 1027 2090 et
1053 2014 1312 2089 cardinalibus
1331 2013 1531 2106 sexdecim,
1559 2015 1728 2090 Mitratis
1751 2038 1819 2091 no·

379 2157 539 2252 nagiuta
567 2157 629 2233 vel
657 2160 825 2246 centum,
841 2156 1021 2252 adquam
1049 2157 1305 2232 tardiusculus
1324 2157 1423 2231 itum
1442 2160 1502 2233 est
1520 2161 1674 2254 propter
1702 2159 1822 2234 consi-

378 2299 542 2373 storium
555 2299 730 2373 habitum
747 2298 793 2372 de
807 2321 883 2393 quo
898 2276 999 2371 iufra
1014 2297 1162 2372 dicetur
1178 2297 1273 2390 (44).
1290 2298 1444 2374 Missam
1460 2301 1634 2374 cantavit
1647 2299 1819 2375 cardina-

379 2442 426 2518 lis
445 2465 475 2518 s.
492 2441 619 2519 Crucis
637 2443 842 2539 episcopus.
860 2442 1080 2518 Sermonem
1096 2440 1234 2515 hebuit
1245 2464 1277 2514 r.
1298 2464 1333 2536 p.
1354 2438 1390 2516 d.
1410 2440 1598 2516 Maximus
1625 2440 1821 2538 episcopus

379 2585 602 2662 lisenieusis.
619 2587 714 2661 Post
741 2608 954 2662 sermonem
976 2586 1129 2681 recepta
1149 2586 1242 2658 sunt
1259 2586 1497 2680 paramenta,
1514 2585 1554 2659 et
1572 2583 1621 2658 ab
1644 2583 1821 2659 omnibus

378 2727 564 2822 praestita
582 2729 642 2801 est
659 2727 876 2802 reverentia
894 2723 1083 2801 Pontifici.
1106 2727 1240 2800 Preces
1261 2723 1421 2798 fuerunt
1439 2723 1587 2816 solitae,
1617 2723 1820 2799 cardinalis

378 2889 407 2941 s.
436 2865 579 2942 Mariae
608 2867 649 2941 in
677 2867 837 2962 porticu,
866 2865 1048 2941 videlicet
1075 2873 1182 2940 rmus
1209 2864 1246 2939 d.
1266 2863 1470 2941 cardinalis
1490 2864 1537 2940 de
1556 2865 1719 2942 Bibiena
1732 2888 1820 2944 can·

378 3010 479 3083 lavit
505 3007 748 3104 evangelium
775 3009 817 3082 et
844 3007 924 3102 ipse
952 3005 1159 3082 cardinalis
1187 3006 1227 3082 iu
1246 3007 1320 3082 fine
1339 3006 1552 3084 incensavit
1570 3006 1728 3104 Papam.
1756 3008 1818 3084 Fi·

377 3153 469 3226 uitis
488 3152 674 3248 precibus,
695 3151 920 3224 secretarius
941 3148 1089 3224 concilii
1108 3150 1217 3225 venit
1235 3148 1284 3222 ud
1304 3149 1449 3243 Papam
1467 3150 1508 3223 et
1534 3149 1583 3223 ab
1611 3170 1658 3223 eo
1673 3151 1820 3247 accepit

377 3294 510 3369 literas
535 3293 777 3388 imperatoris
795 3295 836 3367 et
854 3293 1018 3366 aliorum
1038 3287 1251 3387 principum
1271 3311 1366 3384 quas
1384 3289 1491 3385 legit.
1511 3289 1666 3394 Literae
1686 3293 1818 3366 autem

378 3435 619 3532 imperatoris
646 3437 758 3509 erant
785 3433 1071 3509 exhortatoriae
1100 3453 1214 3527 super
1242 3431 1485 3527 expeditione
1514 3434 1649 3508 contra
1676 3437 1819 3534 turcas,

376 3573 523 3650 Deinde
550 3574 746 3670 episcopus
773 3573 984 3648 miletensis
1002 3573 1110 3647 venit
1129 3573 1178 3646 ad
1202 3574 1346 3670 Papam
1373 3596 1397 3646 a
1424 3595 1500 3670 quo
1529 3575 1678 3670 accepit
1706 3578 1819 3653 cedu.

376 3717 454 3791 lam
482 3739 599 3815 quam
627 3716 724 3814 legit
751 3719 791 3792 iu
819 3715 994 3792 arnbooe.
1023 3714 1166 3792 (ledula
1193 3717 1287 3795 haec
1313 3720 1401 3794 tota
1422 3720 1509 3794 erat
1537 3719 1584 3796 de
1611 3743 1689 3797 non
1710 3722 1818 3800 inva-

376 3858 507 3934 dandis
536 3859 693 3933 aedibus
721 3857 924 3932 cardinalis
951 3857 1056 3932 illius
1083 3859 1150 3954 qui
1173 3863 1274 3935 esset
1292 3861 1438 3936 electus
1466 3861 1506 3935 in
1534 3864 1692 3960 Papam,
1719 3865 1819 3941 sicut

375 4006 434 4078 est
445 4025 526 4077 mos
537 4025 795 4093 romanorum,
807 4001 873 4098 qui
888 4002 1007 4076 etiam
1020 4023 1133 4099 saepe
1146 4003 1333 4078 simulant
1345 4004 1446 4080 hunc
1457 4005 1518 4110 ¹vel
1530 4005 1641 4082 illum
1653 4008 1818 4085 electum

375 4167 456 4222 esse
484 4145 641 4244 Papam,
674 4149 717 4222 ut
743 4145 814 4223 hac
842 4145 1038 4222 occasione
1064 4143 1249 4244 diripiant
1275 4147 1431 4224 doraum
1459 4151 1502 4226 et
1514 4151 1817 4250 suppellectilem

374 4288 469 4386 ejus,
499 4293 539 4368 et
566 4291 713 4389 placuit
739 4291 916 4368 omuibus
945 4289 1216 4367 indifferenter.
1236 4290 1444 4368 Praeterea
1463 4294 1684 4392 patriarcha
1708 4297 1816 4395 aqui·

375 4437 526 4514 leiensis
553 4437 731 4513 similiter
758 4437 875 4512 aliam
902 4437 1075 4514 cedulam
1103 4439 1298 4534 acceptam
1325 4435 1423 4535 legit
1449 4461 1548 4537 quae
1576 4441 1701 4517 multa
1729 4464 1816 4519 cou-

374 4583 537 4674 tinebat‚
557 4583 782 4680 praesertim
803 4583 929 4679 quoad
957 4584 1172 4659 clausuram
1200 4583 1350 4658 concilii
1367 4586 1410 4658 et
1428 4606 1582 4662 causam
1604 4586 1816 4678 clausurae,

374 4726 415 4800 el
437 4725 555 4801 etiam
583 4723 708 4822 quoad
737 4727 815 4800 tres
844 4725 1008 4800 decimas
1036 4725 1077 4798 in
1105 4726 1283 4803 universo
1311 4727 1404 4804 orbe
1431 4729 1633 4806 solvendas
1661 4734 1818 4829 propter

374 4867 653 4964 expeditionem
672 4869 806 4942 contra
824 4867 965 4940 turcas.
989 4864 1171 4942 Attamen
1190 4868 1305 4965 hrains
1325 4868 1481 4946 cedulae
1500 4873 1628 4968 capita
1646 4873 1686 4948 in
1714 4874 1816 4950 votis

374 5007 634 5103 praelatorum
662 5028 739 5080 non
766 5007 980 5101 potuerunt
1006 5005 1214 5100 prevalere.
1243 5006 1343 5082 Nam
1369 5008 1483 5082 multi
1501 5011 1544 5083 et
1574 5011 1654 5085 lere
1692 5012 1817 5108 major

374 5173 461 5245 pers
480 5149 658 5224 dixerunt
676 5171 753 5223 non
772 5169 852 5223 esse
872 5150 1024 5243 tempus
1038 5145 1237 5222 claudendi
1252 5150 1466 5241 concilium,
1480 5172 1550 5226 nec
1563 5152 1813 5247 imponendas

375 5290 487 5364 modo
516 5288 694 5379 decimas,
724 5287 948 5384 praesertim
975 5289 1067 5382 quia
1094 5310 1171 5361 non
1198 5288 1284 5361 erat
1302 5309 1386 5385 spes
1406 5288 1453 5363 de
1473 5288 1715 5384 expeditione
1734 5292 1817 5366 ulla

374 5436 509 5508 contra
535 5434 677 5509 turcas.
707 5430 801 5508 Post
826 5431 921 5507 haec
962 5433 1096 5528 aperta
1122 5433 1182 5508 est
1209 5429 1331 5526 janua
1372 5429 1549 5508 sessionis
1594 5433 1636 5509 et
1681 5455 1814 5512 omues
