4970 6352
631 539 677 609 54
1197 555 1319 604 aaaron
1342 557 1387 604 na
1411 557 1526 605 emssr

628 783 848 878 exponeret.
878 779 1002 867 Quare
1029 778 1185 856 Parmos
1204 779 1270 876 qui
1302 779 1384 876 jem
1404 778 1581 854 Pontifici
1600 779 1749 856 dixerat
1766 780 1807 854 in
1826 801 1917 855 casu
1945 802 2064 856 novos

626 926 762 1003 titulos
789 948 871 1003 esse
898 925 1164 1018 instituendos,
1184 925 1245 1002 die
1272 926 1388 1002 lunae
1414 928 1524 1003 sexte
1549 924 1640 1022 julii
1668 927 1760 1000 ante
1798 923 2063 1000 consistorium

625 1071 769 1146 multas
797 1070 1017 1147 numeravit
1046 1070 1223 1146 ecclesias
1251 1092 1349 1168 quae
1376 1074 1531 1166 possent
1565 1069 1607 1144 in
1633 1092 1754 1147 novos
1789 1070 1927 1147 titulos
1956 1069 2063 1166 erigi.

624 1217 705 1294 Hoc
733 1220 865 1294 autem
893 1214 1043 1292 Paridis
1065 1213 1255 1312 judicium
1283 1236 1360 1290 non
1388 1215 1492 1291 omni
1511 1237 1557 1291 ex
1577 1217 1686 1312 parte
1713 1214 1860 1312 placuit
1874 1214 2064 1306 Pontifici,

624 1360 691 1457 qui
718 1360 817 1436 circa
844 1359 1082 1456 propositam
1109 1357 1314 1432 titulorum
1341 1357 1638 1454 assignationem
1675 1356 1803 1454 plures
1830 1358 2065 1433 mutationes

623 1502 856 1580 inducendas
883 1523 963 1578 esse
991 1499 1151 1577 censuit.
1179 1499 1279 1576 Nam
1298 1501 1422 1598 primo
1450 1501 1499 1576 ab
1528 1522 1758 1598 unoquoque
1785 1500 1969 1578 cardinali
1996 1525 2062 1576 an-

622 1644 731 1741 tiquo
758 1644 926 1718 habente
953 1643 1081 1737 plures
1108 1643 1259 1736 titulos,
1278 1663 1409 1719 omnes
1424 1643 1569 1740 aceepit
1598 1647 1643 1716 ut
1659 1646 1789 1739 posset
1805 1643 1942 1718 titulos
1955 1643 2063 1720 novis

622 1782 878 1860 cardinalibus
897 1783 1124 1859 distribuere
1141 1783 1222 1859 sine
1240 1783 1472 1880 praejudicio
1486 1784 1747 1880 antiquorum,
1767 1783 1892 1880 quoad
1908 1783 2062 1859 habite-

620 1928 767 2004 tionem
794 1931 836 2002 et
874 1927 1018 2020 domos,
1048 1950 1093 2003 ac
1120 1928 1246 2025 quoad
1289 1928 1533 2004 collationem
1559 1927 1841 2019 beneficiorum,
1869 1927 1971 2023 quod
1998 1949 2061 2002 ex·

620 2091 745 2168 presse
772 2069 813 2142 in
855 2063 1077 2144 consistorio
1115 2068 1338 2143 declaravit.
1368 2067 1514 2144 Deinde
1554 2068 1681 2145 voluit
1707 2066 1754 2144 de
1785 2089 1886 2144 novo
1925 2066 2063 2142 titulos

619 2211 795 2304 omnium.
819 2211 1067 2306 antiquorum
1094 2210 1294 2300 recenseri,
1322 2209 1466 2286 stillis
1493 2211 1829 2307 acquiescentibus,
1858 2209 1962 2308 Papa
1986 2210 2062 2286 ins·

618 2354 731 2432 tituit
757 2352 804 2428 de
831 2375 932 2429 novo
959 2353 1030 2427 hos
1056 2353 1198 2426 titulos
1225 2352 1493 2448 praebitoreles
1520 2353 1617 2445 (48).

726 2467 1050 2575 Ecclesiasencti
1077 2496 1369 2574 Bartholomaei
1395 2497 1435 2574 in
1463 2499 1589 2575 insula

725 2643 895 2720 Ecclesia
921 2641 1047 2719 sancti
1074 2641 1277 2718 Laurentii
1305 2643 1344 2716 in
1372 2643 1601 2741 panisperna

725 2766 893 2864 Ecclesia
921 2785 1045 2862 sancti
1072 2755 1243 2861 'l'lromae
1270 2785 1310 2860 in
1336 2787 1493 2884 parione

723 2931 889 3008 Ecclesia
916 2928 1039 3006 sancti
1066 2925 1226 3004 Joannis
1254 2931 1345 3004 ante
1371 2931 1522 3025 portam
1549 2927 1712 3004 latinam
1802 2977 1804 2982 .

723 3072 890 3150 Ecclesia
917 3071 1041 3148 sancti
1068 3070 1235 3147 'Erilonis

723 3214 891 3292 Ecclesia
917 3211 1041 3289 sancti
1069 3209 1246 3288 silvestri

723 3359 890 3435 Ecclesia
917 3358 1039 3432 sancti
1067 3354 1263 3431 Pancratii

722 3498 891 3576 Ecclesia
918 3491 1041 3574 sancti
1068 3492 1302 3594 Apollinaris

723 3643 891 3721 Ecclesia
917 3643 1073 3736 sanctae
1099 3638 1244 3715 Mariae
1272 3638 1313 3713 in
1340 3635 1515 3714 Aracoeli

1020 4006 1026 4016 ⁴
1147 4062 1349 4138 carcinus
1375 4022 1522 4158 aenas

721 4355 892 4451 Rephael
919 4352 1114 4451 episcopus
1141 4351 1316 4428 ostiensis
1342 4351 1451 4427 tituli
1477 4375 1507 4426 s.
1537 4349 1689 4447 Georgii
1708 4349 1911 4426 cardinalis

720 4493 979 4570 Bernardinus
1007 4491 1216 4567 sabinensis
1244 4485 1356 4565 tituli
1379 4489 1539 4566 Sanctae
1571 4490 1700 4565 Crucis
1719 4487 1921 4565 cardinalis

720 4633 941 4710 Dominious
969 4634 1187 4731 portuensis
1214 4632 1417 4708 cardinalis
1445 4631 1649 4706 Grimonus

718 4776 917 4874 Philippus
944 4775 1225 4851 tusculanensis
1252 4774 1574 4870 lucemburgensis

583 4901 584 4906 Ν
717 4919 940 4994 Franciseus
968 4917 1232 5014 praenestinus
1259 4917 1510 4993 vulterranus

717 5061 939 5138 Franciscus
966 5060 1183 5138 albanensis
1210 5059 1451 5136 surrentinus
