4948 6368
791 667 825 712 11.
848 666 962 714 numo
985 667 1022 714 m
1044 666 1127 714 elea
1149 669 1262 715 1130ss
1285 670 1317 718 X.
1426 687 1429 694 ·

891 1507 941 1610 A
962 1565 971 1584 ·
991 1507 1226 1610 MDXX.

447 1883 518 1957 Die
546 1882 660 1957 lunae
687 1905 791 1957 none
812 1882 984 1978 januarii
1012 1883 1088 1956 fnit
1106 1881 1374 1958 consistorium
1402 1883 1596 1980 publicum
1624 1906 1693 1980 pro
1713 1884 1778 1959 ad·
1806 1896 1870 1956 ool
1883 1896 1938 1954 uae
1955 1914 1984 1954 v.

339 2024 519 2100 missione
546 2025 749 2100 cardinalis
777 2027 931 2101 sanctae
959 2025 1104 2100 Mariae
1132 2025 1172 2098 in
1199 2023 1348 2120 portion
1377 2045 1424 2100 ax
1451 2047 1522 2100 sua
1548 2024 1688 2122 gallica
1723 2024 1777 2100 le·

341 2169 496 2266 gobione
524 2169 677 2246 reversi:
693 2192 762 2245 nos
789 2169 992 2246 habuimus
1020 2169 1249 2246 montellum
1277 2172 1318 2244 et
1345 2169 1466 2245 etiam
1485 2171 1708 2268 cappntium
1735 2169 1781 2246 de

343 2313 591 2389 zambellotto
619 2315 815 2411 paonatio,
844 2336 889 2390 ao
906 2296 1034 2389 ¹etiam
1061 2312 1229 2388 biretum
1256 2315 1430 2388 rosatum
1456 2315 1551 2389 satis
1583 2313 1741 2392 bonum.

450 2600 496 2675 In
524 2599 585 2676 die
612 2598 894 2674 Purifioationis
912 2598 1020 2694 Papa
1047 2597 1153 2674 dedit
1173 2597 1349 2675 candelas
1376 2598 1521 2674 multis.
1550 2599 1631 2696 Ego
1650 2601 1783 2674 eutem
1809 2607 1904 2665 tssflfl
1921 2623 1949 2666 v·

344 2763 489 2818 memor
517 2741 726 2820 discordiae
740 2733 859 2841 quam*
875 2741 1022 2819 habent
1039 2743 1322 2820 consistoriales
1340 2765 1428 2820 oum
1446 2744 1676 2837 oratoribus,
1699 2766 1782 2842 por-

342 2886 446 2960 snasi
473 2889 520 2960 nt
548 2885 798 2980 abstinerent,
827 2887 929 2985 quod
958 2887 1121 2962 obtinui.
1152 2886 1327 2963 Officium
1346 2885 1499 2962 finitum
1526 2889 1586 2964 est
1611 2889 1708 2963 hora
1725 2889 1783 2965 vi·

342 3031 488 3126 gesimo
515 3030 660 3127 prime:
689 3032 777 3126 post
805 3030 972 3106 officium
995 3031 1102 3128 Papa
1120 3031 1229 3105 venit
1246 3029 1295 3105 ad
1313 3031 1513 3106 castellum
1532 3030 1684 3107 visurus
1701 3053 1783 3106 ma-

343 3173 510 3250 echarns.
539 3171 734 3251 Generalis
775 3174 1068 3250 humiliatorum
1094 3172 1207 3248 hodie
1234 3171 1335 3250 sedit
1357 3171 1403 3248 in
1430 3173 1552 3250 banco
1584 3173 1781 3266 abbatum,

343 3313 463 3391 donec
490 3315 537 3391 de
563 3317 642 3392 suis
668 3317 877 3414 privilegiis
904 3339 1002 3414 quae
1030 3315 1124 3392 dicit
1150 3316 1302 3410 habere,
1331 3315 1437 3414 Papa
1464 3316 1604 3394 certior
1632 3315 1712 3392 fiat.

451 3601 496 3676 In
511 3599 644 3697 vigilie
657 3600 833 3699 Corporis
852 3600 994 3678 Christi
1014 3603 1170 3678 missam
1183 3603 1357 3679 cantavit
1372 3600 1575 3678 cardinalis
1598 3599 1784 3698 Aegidins
1811 3619 1906 3684 nuel
1923 3639 1947 3678 r.

345 3743 394 3817 nd
414 3767 528 3840 quom
549 3743 655 3842 Papo
672 3743 781 3820 venit
799 3746 891 3821 ante
909 3744 1044 3821 horam
1063 3744 1177 3821 citius
1195 3745 1319 3821 solito.
1339 3746 1385 3821 In
1409 3747 1520 3822 nocte
1541 3745 1785 3845 praecedenti

344 3887 555 3965 decollatus
570 3891 630 3966 est
643 3889 667 3964 J
670 3890 838 3965 ohannes
854 3889 997 3965 Paulus
1013 3889 1210 3966 Bellienus
1225 3889 1271 3966 de
1281 3889 1439 3967 Petusio
1454 3890 1551 3984 (56).
1562 3889 1663 3966 Item
1679 3889 1785 3990 Papa

343 4031 514 4108 decrevit
541 4033 641 4130 quod
671 4033 717 4110 de
746 4036 896 4110 caetero
916 4034 956 4109 in
976 4035 1109 4132 vigilia
1127 4033 1302 4132 corporis
1322 4035 1464 4110 christi
1492 4057 1570 4112 non
1600 4039 1702 4112 esset
1715 4059 1784 4112 au·

344 4175 491 4252 dientia
519 4177 654 4270 Rotae,
684 4181 788 4296 sicut
811 4179 851 4253 in
880 4179 1013 4277 vigilia
1040 4177 1280 4256 Ascensionis
1307 4178 1503 4253 statutum
1529 4177 1617 4254 fuit.

454 4461 524 4536 Die
551 4461 667 4538 lunae
694 4461 980 4536 decimooctava
1002 4459 1105 4557 junii
1132 4459 1309 4537 habitum
1336 4460 1414 4536 fnit
1444 4460 1712 4538 consistorium
1747 4461 1787 4537 in
1813 4482 1908 4542 raet
1925 4499 1955 4540 v.

347 4605 437 4679 aula
464 4603 665 4700 1·egia,ubi
693 4603 793 4677 dnae
819 4603 1102 4680 commissiones
1132 4605 1350 4700 propositae
1377 4604 1548 4695 fuerunt,
1568 4607 1693 4701 prima
1719 4628 1788 4702 per

346 4745 543 4822 dominum
571 4745 790 4820 iohannem
803 4747 1020 4842 Baptistam
1039 4745 1085 4821 de
1113 4746 1215 4839 Seni,
1235 4747 1275 4819 in
1295 4747 1405 4841 cujus
1424 4745 1549 4821 medio
1573 4746 1651 4820 dux
1671 4747 1787 4822 Albe·

347 4891 434 4966 niue
462 4890 572 4966 tutor
600 4890 701 4987 regis
721 4889 871 4966 Scotiae
900 4889 1090 4986 ingressus
1109 4893 1169 4964 eet
1187 4888 1454 4964 consistorium
1473 4911 1559 4963 cum
1580 4889 1712 4964 multis
1731 4889 1788 4966 fe·

345 5033 558 5109 miliaribus
586 5034 665 5109 suis
684 5035 724 5108 in
742 5036 849 5109 veste
864 5055 981 5108 aurea
1000 5033 1126 5128 longa.
1147 5029 1198 5105 ut
1216 5030 1293 5105 dux
1314 5029 1413 5107 dixit
1431 5031 1559 5126 Papae
1578 5031 1617 5105 in
1638 5030 1789 5128 vulgari

346 5200 414 5250 suo
431 5177 507 5252 duo
528 5179 656 5269 verbu,
675 5179 716 5252 et
730 5177 994 5274 praesentavit
1009 5175 1142 5252 literas
1157 5174 1385 5252 secretarius
1403 5175 1497 5271 ejus,
1514 5175 1653 5272 quibus
1668 5175 1788 5266 lectis,

349 5320 543 5416 praestitit
561 5319 829 5408 obedientium,
850 5321 892 5394 et
910 5319 949 5394 in
965 5319 1040 5394 fine
1053 5319 1268 5396 consistorii
1282 5319 1469 5397 sustinuit
1482 5320 1644 5395 caudam
1662 5320 1789 5416 Papae

349 5461 612 5540 adnumerum
642 5464 882 5540 revertentis.
