4970 6352
844 651 878 700 ln
900 651 1017 700 uranio
1041 651 1077 698 m
1098 649 1181 698 ΡΑΡΑ
1204 648 1317 698 asom
1340 648 1372 698 Χ.

929 1791 979 1896 Α
999 1850 1008 1871 ·
1029 1790 1311 1896 MDXVII.

503 2288 574 2366 Die
591 2292 730 2365 octova
747 2289 890 2380 martii,
905 2288 1100 2364 'dominica
1123 2289 1291 2365 secunda
1318 2285 1635 2387 quadragesimae
1662 2289 1762 2367 circa
1789 2289 1833 2364 fi·
1859 2291 2039 2355 s01.1eer.

397 2457 484 2512 nem
512 2433 648 2510 missae
675 2434 822 2531 papalis
849 2435 1025 2509 mortuus
1054 2436 1113 2510 est
1139 2433 1283 2509 Itomae
1320 2432 1361 2507 in
1389 2433 1545 2510 aedibus
1583 2435 1834 2515 cancellariae

399 2576 435 2651 d.
465 2571 597 2651 Sixtus
625 2577 672 2653 de
699 2577 852 2652 Ruvere
879 2577 1090 2673 praesbiter
1117 2574 1322 2650 cardinalis
1341 2575 1449 2649 tituli
1481 2598 1509 2650 s.
1539 2577 1646 2652 Petri
1673 2579 1723 2652 ad
1749 2579 1832 2653 vin·

396 2721 483 2799 cula
522 2742 638 2820 nepos
679 2719 705 2796 J
710 2720 777 2795 ulii
804 2741 938 2819 papae.
968 2721 1038 2796 Die
1076 2721 1191 2796 lunae
1217 2719 1393 2817 sequenti
1420 2718 1515 2796 bora
1550 2719 1734 2819 vigesima
1775 2722 1832 2796 in·

396 2865 555 2942 choatae
604 2866 697 2938 sunt
733 2863 887 2962 vigiliae
915 2866 955 2939 in
982 2863 1074 2939 aula
1101 2863 1239 2958 majori
1266 2862 1527 2957 cancellariae,
1567 2867 1834 2962 praesentibus

395 3009 522 3084 decem
563 3009 708 3105 septem
736 3007 992 3084 cardinalibus
1021 3007 1197 3082 omnibus
1215 3006 1439 3082 sedentibus
1471 3007 1520 3084 ad
1547 3007 1745 3084 dexteram
1772 3009 1832 3084 fu·

395 3153 501 3229 nerei
541 3151 642 3227 lecti.
684 3149 902 3225 Asinistra
929 3152 1040 3247 parte
1081 3150 1266 3226 sedebant
1307 3154 1479 3228 oratores
1506 3154 1548 3260 et
1587 3150 1764 3249 praelati,
1793 3155 1835 3229 et

395 3292 569 3390 deinceps
596 3292 764 3389 religiosi
791 3294 1003 3384 cantantes,
1032 3295 1193 3368 stante
1220 3293 1334 3390 pedes
1360 3294 1530 3388 lecticae,
1559 3297 1672 3371 erant
1699 3294 1834 3372 sedilia

396 3458 464 3533 pro
492 3435 715 3512 officialibus
742 3436 1003 3512 cancellariae.

500 3722 644 3799 Eadem
672 3722 733 3797 die
750 3721 878 3814 lunae,
899 3742 1010 3795 mane
1029 3719 1106 3795 suit
1126 3721 1393 3798 consistorium
1413 3721 1453 3795 in
1472 3743 1547 3819 quo
1581 3721 1686 3819 Papa
1704 3729 1833 3797 rmum
1858 3745 1879 3804 r
1900 3745 1952 3804 rar
1969 3766 1994 3808 r.

394 3865 591 3940 dominum
619 3862 645 3936 J
648 3862 769 3935 ulium
797 3862 844 3937 de
871 3861 1026 3937 Medicis
1059 3861 1293 3938 cardinalem
1311 3861 1471 3937 fratrem
1497 3884 1611 3937 suum
1638 3863 1832 3938 consobri-

393 4031 487 4085 num
528 4004 880 4083 vicecancellarium
921 3969 1149 4097 nominavit,
1179 4004 1291 4102 eique
1328 4002 1436 4080 dedit
1476 4005 1750 4080 monasterium
1785 4003 1832 4082 de

394 4151 609 4228 Serravalle
638 4150 779 4225 valoris
797 4149 1026 4225 ducatorum
1047 4149 1248 4225 duodecim
1266 4147 1444 4223 millium.
1465 4149 1670 4224 Praeterea
1689 4149 1729 4224 in
1749 4148 1831 4246 ipso

393 4295 618 4373 consistorio
647 4295 752 4391 Papa
779 4293 1011 4369 cardinalem
1030 4292 1248 4368 cornelium
1275 4290 1491 4366 nominavit
1518 4289 1737 4386 episcopum
1764 4314 1830 4387 pa·

394 4439 576 4532 duanam,
605 4441 646 4516 et
673 4436 857 4515 cardinali
897 4459 927 4512 s.
957 4435 1111 4533 Georgii
1146 4433 1312 4512 contulit
1339 4431 1599 4531 episcopatum
1636 4435 1830 4510 lucanum.

500 4729 571 4805 Die
598 4727 777 4805 mercurii
805 4725 1007 4803 undecima
1033 4722 1165 4799 martii
1183 4721 1260 4797 init
1278 4719 1393 4797 missa
1420 4718 1561 4796 festiva
1578 4717 1832 4797 anniversarii
1856 4723 1992 4784 t197r.

393 4875 598 4951 creationis
625 4871 855 4948 sanctissimi
882 4871 928 4945 D.
957 4869 1005 4944 N.
1026 4870 1154 4965 Papae
1181 4865 1315 4941 Leonis
1334 4863 1470 4940 decimi
1498 4885 1566 4960 pro
1594 4862 1708 4938 initio
1736 4863 1826 4938 anni

394 5017 520 5114 quinti
546 5017 607 5090 sui
633 5013 892 5112 pontificatus,
921 5035 1038 5109 quam
1065 5009 1219 5083 missam
1259 5006 1300 5081 in
1327 5003 1500 5102 cappella
1535 5003 1670 5100 palatii
1698 5005 1829 5079 cante·

394 5162 454 5236 vit
493 5167 599 5234 rmus
628 5158 663 5231 d.
692 5157 894 5235 cardinalis
923 5151 1152 5230 Sanctorum
1180 5150 1354 5237 Quatuor
1381 5169 1466 5222 cum
1495 5145 1610 5222 unica
1642 5145 1828 5238 oratione,

395 5305 594 5400 praesente
610 5302 794 5376 Pontifice
812 5306 853 5376 et
871 5297 1010 5394 viginti
1028 5296 1154 5371 tribus
1172 5291 1440 5380 cardinalibus,
1465 5290 1532 5384 qui
1553 5288 1681 5385 cappis
1700 5287 1830 5363 rubeis

395 5445 521 5520 induti
549 5448 673 5521 erant.

517 5581 536 5638 a
