4970 6352
653 738 698 808 40
1200 757 1323 807 aaaron
1346 760 1391 806 ou
1414 760 1530 807 omssr

651 981 859 1057 noluerunt
888 980 1020 1057 adesse
1034 981 1192 1056 concilio
1210 982 1300 1077 quia
1314 981 1499 1068 nolebant
1512 981 1723 1056 consentire
1744 982 1980 1057 revocationi
1997 1005 2083 1077 pra·

649 1123 838 1220 gmatioae
867 1123 1075 1198 sanctionis
1104 1145 1153 1200 ne
1180 1121 1425 1220 displicerent
1448 1124 1629 1222 praelatis
1657 1128 1697 1200 et
1725 1125 1885 1218 nationi,
1902 1125 1966 1201 sod
1994 1147 2083 1201 con-

647 1269 850 1344 senserunt
867 1269 1026 1343 secreto.
1041 1266 1189 1342 Deinde
1207 1264 1406 1364 episcopus
1424 1267 1666 1368 cavalicensis
1689 1272 1884 1366 acceptam
1900 1268 1946 1345 de
1965 1293 2083 1344 manu

648 1408 776 1506 Papae
802 1411 994 1485 minutam
1020 1410 1126 1505 legit,
1161 1432 1260 1506 quae
1289 1415 1375 1486 erat
1392 1400 1630 1488 evocatoriis
1656 1414 1698 1486 et
1725 1410 1970 1508 abrogatoria
1997 1435 2084 1486 sau·

647 1551 784 1626 ctionis
811 1552 1069 1649 pragmaticae
1102 1552 1139 1626 in
1169 1551 1342 1645 Francia,
1372 1555 1413 1626 et
1441 1573 1571 1628 omnes
1604 1551 1883 1646 responderunt
1910 1552 2086 1627 absolute

641 1690 756 1784 placet
788 1693 829 1766 et
864 1690 966 1765 inter
1007 1711 1138 1765 omnes
1174 1689 1282 1786 Papa
1324 1691 1421 1764 dixit
1455 1713 1523 1765 aon
1549 1691 1657 1765 mum
1688 1693 1811 1784 placet,
1853 1695 1914 1766 scd
1940 1693 2086 1767 multam

646 1829 771 1924 placa
803 1831 1046 1924 etperplacet.
1084 1829 1230 1907 Ultimo
1270 1832 1466 1930 episcopus
1489 1833 1738 1909 sebenicensis
1774 1834 1928 1909 auditor
1961 1835 2085 1911 Rotae

648 1971 794 2069 accepit
825 1971 1015 2046 minutam
1053 1995 1097 2048 ac
1125 1975 1244 2049 otiam
1271 1975 1444 2049 cedulam
1481 1996 1550 2071 pro
1578 1972 1787 2050 indictione
1826 1973 1981 2050 futurae
2008 1997 2083 2050 ses·

529 2137 531 2144 ¹
646 2116 763 2192 sionis
802 2115 970 2192 decimae
996 2117 1154 2214 primae,
1189 2121 1232 2193 et
1247 2119 1361 2215 'legit
1387 2141 1472 2194 eam
1510 2138 1608 2214 quae
1645 2119 1730 2192 erat
1769 2118 2008 2194 revocatoria
2038 2141 2085 2195 ex

524 2331 526 2338 .
647 2261 757 2353 porte
775 2239 1059 2356 privilegiorum
1087 2261 1196 2334 mara
1222 2262 1338 2355 mcpni
1357 2257 1542 2355 religiosis
1561 2279 1822 2334 concessorum
1850 2257 1898 2334 ad
1923 2260 2083 2355 requisi·

646 2399 791 2476 tionem
818 2401 1080 2500 praelatorum
1100 2401 1332 2495 introducta,
1352 2407 1393 2479 et
1416 2403 1506 2478 licet
1525 2427 1548 2478 a
1567 2403 1672 2498 Papa
1699 2405 1740 2476 et
1757 2425 1780 2476 a
1808 2401 2001 2477 nonnullis
2018 2403 2084 2499 qui

647 2545 701 2620 ibi
719 2568 836 2644 prope
855 2545 1028 2641 aderant,
1056 2547 1176 2624 libere
1196 2570 1417 2647 responsum
1436 2547 1572 2622 fuisset
1596 2569 1662 2644 per
1679 2547 1838 2622 verbum
1847 2545 1960 2640 placet
1988 2545 2082 2622 adso·
2123 2561 2125 2566 ·

486 2779 489 2786 ,
646 2689 727 2783 luta,
755 2691 923 2765 multum
951 2690 1094 2790 diuque
1122 2716 1147 2769 a
1172 2693 1347 2791 patribus
1374 2715 1416 2771 re
1439 2691 1670 2785 examinata,
1699 2693 1763 2770 vix
1790 2690 1968 2768 conclusa
1995 2691 2081 2784 fuit,

646 2837 778 2909 tamen
797 2835 899 2910 votis
913 2837 1163 2928 enumeratis,
1181 2837 1257 2912 fuit
1275 2837 1462 2913 conclusa.
1478 2833 1640 2909 Indictio
1659 2837 1790 2908 autom
1813 2835 1988 2910 sessionis
2007 2835 2082 2910 luit

646 2996 714 3071 pro
741 2975 906 3051 secunda
932 2977 1074 3068 martii,
1097 2979 1138 3051 et
1157 2977 1295 3054 deinde
1322 2979 1528 3074 prorogata
1546 2974 1622 3049 suit
1639 2974 1688 3048 ad
1716 2974 1902 3050 decimam
1931 2979 2081 3050 sextam

646 3115 777 3192 martii
804 3139 902 3214 quae
929 3116 1006 3194 fuit
1032 3117 1128 3196 feria
1155 3120 1319 3196 secunda
1346 3123 1434 3219 post
1459 3119 1617 3196 tertiam
1650 3117 1878 3194 dominicam
1916 3117 2080 3216 qnadra-

645 3260 825 3356 gesimae.

751 3401 933 3479 Omnibus
960 3405 1157 3500 absolutis,
1185 3405 1291 3503 Papa
1317 3405 1445 3482 exiens
1474 3404 1521 3481 de
1540 3405 1696 3482 basilica
1724 3407 1797 3484 ivit
1824 3405 1873 3480 ad
1899 3410 2076 3481 sanctum

645 3559 833 3638 Joannem
861 3563 901 3636 in
928 3561 1049 3638 Fonte
1069 3563 1152 3659 (43)
1171 3567 1212 3640 et
1238 3565 1292 3638 ibi
1311 3564 1439 3642 oravit
1459 3563 1608 3654 devota
1628 3562 1716 3640 inde
1738 3562 1882 3637 mulam
1909 3563 2079 3680 ascendit

644 3705 686 3778 et
712 3703 821 3822 venit
847 3704 896 3779 ad
922 3703 1153 3782 Vaticanum
