4948 6368
791 671 826 715 m
850 669 964 715 orunro
988 669 1023 714 nr
1045 666 1129 713 rari
1152 663 1264 711 anona
1287 665 1317 710 x.
1738 641 1779 708 77

450 896 495 971 In
523 894 584 970 die
611 895 781 970 omnium
801 892 1067 967 defunctorum
1088 913 1172 966 curu
1192 889 1298 986 Papa
1316 889 1356 963 in
1375 887 1547 985 cappella
1574 910 1614 962 se
1641 907 1779 984 parare
1806 883 1983 944 1³01.aest

344 1039 462 1116 vellet
487 1038 617 1113 nullus
645 1037 826 1114 accolitus
854 1035 1000 1126 adfuit;
1040 1037 1240 1130 propterea
1267 1032 1459 1122 turbatus,
1496 1032 1633 1106 vocato
1662 1030 1712 1105 ad
1739 1051 1779 1106 se

343 1181 527 1257 cardinali
560 1179 770 1254 Armellino
811 1201 982 1254 camerae
1023 1177 1253 1274 apostolicae
1294 1175 1544 1272 praesidente,
1574 1174 1630 1247 illi
1669 1195 1776 1246 man-

344 1324 453 1401 davit
471 1325 517 1397 ut
531 1323 789 1398 retinerentur
808 1319 1097 1395 distributiones
1116 1340 1247 1394 eorum
1271 1339 1338 1413 per
1356 1339 1511 1390 annum.
1527 1316 1573 1391 In
1588 1315 1662 1389 fine
1676 1335 1780 1410 prae·

345 1467 447 1567 cepit
473 1466 576 1566 quod
604 1464 817 1542 cardinales
846 1465 947 1541 irent
974 1462 1023 1538 ad
1051 1461 1224 1560 sepulcra
1251 1459 1475 1557 pontificum
1503 1459 1543 1532 in
1570 1455 1778 1532 basilicam.

450 1747 520 1821 Die
538 1749 653 1822 lunae
670 1747 853 1844 vigesima
873 1749 1011 1822 octava
1029 1747 1246 1822 novembris
1263 1753 1370 1822 rmus
1388 1744 1592 1822 cardinalis
1610 1743 1656 1818 da
1671 1742 1780 1818 (lam-
1808 1752 1828 1808 f·
1848 1753 1903 1808 88ss
1921 1769 1949 1810 v.

342 1886 452 1985 pogio
473 1909 519 1963 ex
539 1909 608 1964 aua
627 1887 829 1985 anglicana
848 1889 1039 1986 legatione
1058 1909 1233 1963 reversus
1251 1886 1371 1982 pridie
1389 1889 1460 1961 aut
1473 1885 1613 1960 nudius
1628 1885 1780 1978 tertius,

341 2055 416 2130 quo
444 2036 616 2130 tempore
645 2033 684 2107 in
715 2033 889 2108 domibus
918 2032 996 2108 suis
1023 2035 1167 2108 secrete
1194 2031 1323 2123 latuit,
1361 2029 1474 2106 hodie
1493 2051 1641 2104 surnmo
1670 2049 1782 2104 mane

342 2180 391 2254 ad
418 2203 448 2254 s.
479 2179 639 2254 Mariam
668 2179 714 2254 de
744 2180 896 2276 populo,
910 2179 971 2287 'ut
989 2176 1070 2252 fieri
1090 2177 1199 2267 solet,
1220 2175 1303 2265 ivit,
1322 2177 1363 2250 et
1381 2174 1434 2248 ibi
1452 2194 1476 2247 a
1495 2173 1654 2269 collegio
1674 2194 1782 2248 sacro

343 2322 523 2396 visitatus
543 2324 613 2413 est,
634 2325 675 2396 et
693 2321 902 2397 conductus
922 2320 972 2394 ad
990 2319 1185 2417 publicum
1204 2315 1470 2394 consistorium
1490 2319 1530 2391 iu
1544 2339 1621 2414 quo
1634 2317 1714 2414 ipse
1728 2316 1781 2392 le·

343 2468 458 2562 gatus
485 2465 677 2564 ingressus
705 2468 774 2543 est.

449 2712 522 2827 uia
541 2750 690 2827 veneris
709 2751 874 2827 secunda
898 2750 1118 2842 decembris,
1139 2752 1178 2826 in
1198 2748 1417 2849 crepusculo
1434 2750 1588 2824 mortua
1601 2749 1662 2823 ost
1675 2770 1784 2823 soror
1811 2751 1905 2808 ΗΜ
1922 2768 1946 2809 r·

343 2893 471 2989 Papae
499 2893 535 2968 d.
565 2894 793 2989 Magdalena
820 2897 947 2971 mater
973 2893 1178 2969 cardinalis
1206 2893 1309 2984 Cibo,
1338 2895 1379 2968 et
1406 2893 1531 2968 altera
1549 2891 1610 2966 die
1630 2891 1783 2989 sepulta

341 3037 564 3135 simpliciter
591 3037 756 3134 quidem.

449 3321 495 3396 ln
524 3320 585 3397 die
612 3344 642 3396 s.
673 3315 859 3418 Stephani
878 3321 957 3396 fuit
975 3321 1091 3398 missa
1109 3321 1256 3420 papalis
1274 3322 1390 3397 solita
1409 3323 1449 3397 in
1468 3321 1649 3421 cappella,
1673 3344 1782 3418 praa·
1809 3317 1906 3379 Νθθ
1925 3335 1954 3376 v.

343 3467 451 3539 sente
479 3463 583 3560 Papa
611 3486 697 3540 cum
716 3463 973 3540 cardinalibus
992 3465 1165 3562 triginta.
1194 3465 1349 3540 Missam
1376 3465 1551 3541 cantavit
1579 3463 1783 3541 cardinalis

344 3607 391 3683 de
409 3607 530 3683 Valle.
550 3607 656 3704 Papa
674 3609 757 3705 ipsa
777 3608 837 3683 dia
851 3608 969 3704 jussit
986 3609 1149 3706 appendi
1169 3632 1257 3685 suos
1276 3633 1421 3708 pannos
1449 3609 1495 3686 da
1522 3609 1643 3684 rassia
1662 3631 1782 3685 novos

343 3751 616 3847 pulcherrimos
643 3755 684 3828 et
711 3752 896 3851 pretiosos
924 3751 971 3827 da
998 3753 1135 3850 quibus
1162 3755 1249 3828 tota
1275 3752 1447 3850 cappella
1474 3753 1690 3852 stupefacta
1723 3755 1784 3831 ost

343 3893 381 3966 in
397 3897 552 3992 aspectu
572 3894 737 3989 illorum,
758 3899 823 3994 qui
844 3900 890 3972 ut
908 3897 984 3972 luit
1004 3897 1218 3975 universale
1233 3897 1434 3996 judicium,
1455 3901 1548 3975 sunt
1566 3921 1626 3976 ras
1646 3898 1784 3997 quibus

341 4060 418 4114 non
447 4041 505 4116 est
533 4039 678 4138 aliquid
706 4041 747 4116 in
775 4043 866 4119 orbe
898 4043 1105 4140 pulchrius,
1134 4046 1177 4119 et
1204 4043 1502 4142 unumquodque
1528 4045 1697 4144 pretium
1724 4045 1785 4119 cat

342 4183 484 4262 valoris
512 4183 675 4262 duorum
704 4186 867 4262 millium
896 4187 1122 4266 ducatorum
1151 4189 1236 4266 auri
1264 4189 1304 4264 in
1331 4211 1438 4266 auro.

450 4472 544 4547 (lum
574 4471 767 4548 mansibus
794 4471 933 4570 elapsis
961 4475 1073 4571 capta
1103 4472 1238 4550 luisset
1265 4473 1305 4549 in
1332 4473 1430 4549 mari
1458 4497 1483 4548 a
1508 4474 1642 4549 nostra
1665 4475 1785 4550 classo
1814 4463 1906 4522 ΝΜ
1925 4480 1954 4521 v.

341 4617 451 4694 navis
469 4617 626 4706 turcica,
646 4619 687 4691 et
709 4616 749 4689 in
768 4639 814 4692 ea
841 4619 976 4713 captus
1004 4617 1139 4692 fuisset
1166 4619 1297 4691 orator
1325 4616 1422 4712 regis
1450 4615 1633 4690 sociarum
1648 4616 1709 4692 vel
1739 4619 1785 4690 ut

342 4759 478 4834 melius
506 4758 723 4855 appellatur
751 4758 932 4856 Siphacis,
961 4782 1049 4832 nam
1078 4759 1178 4834 sicut
1205 4782 1273 4834 nos
1301 4780 1429 4854 regem
1457 4760 1633 4833 nostrum
1657 4782 1781 4834 roma·

342 4925 478 4977 norum
519 4901 716 4976 Caesarem
748 4900 918 4992 dicimus,
955 4901 1009 4975 sic
1041 4900 1112 4997 ipsi
1147 4921 1274 4997 regem
1308 4898 1551 4974 numidarum
1587 4899 1784 4996 Siphacom

341 5047 536 5141 appellant
571 5046 636 5119 sed
674 5045 853 5139 corrupto
891 5044 1076 5118 vocabulo
1113 5044 1366 5118 communiter
1403 5043 1597 5117 Faciatum
1637 5043 1783 5136 dicunt,

342 5185 473 5281 itaque
500 5208 586 5261 curn
608 5187 681 5259 iste
701 5186 833 5258 orator
851 5183 985 5279 aliquo
1006 5185 1177 5279 ternpore
1204 5183 1374 5259 stetisset
1397 5183 1436 5258 in
1464 5184 1620 5260 castello
1647 5205 1677 5258 s.
1707 5183 1785 5258 An·

342 5327 429 5421 geli,
473 5328 545 5400 aut
574 5326 634 5400 val
667 5327 759 5421 quia
795 5325 1023 5400 libereretur
1060 5349 1083 5397 a
1121 5347 1281 5416 carcere,
1317 5328 1387 5400 aut
1418 5325 1479 5400 vel
1513 5326 1604 5423 quia
1639 5325 1786 5401 sincero

342 5463 528 5540 instinctu
544 5463 683 5540 ductus
702 5464 802 5540 dixit
823 5487 864 5542 se
885 5465 982 5542 velle
1011 5467 1261 5543 christianum
1290 5467 1384 5556 lieri;
1414 5493 1481 5566 pro
1510 5493 1585 5566 qua
1615 5490 1655 5545 ro
1681 5467 1788 5570 Papa
