4970 6352
871 555 905 600 ra
929 553 1042 602 nrumo
1065 555 1101 600 nr
1124 553 1207 600 uuna
1230 554 1342 601 nicona
1365 555 1398 600 x.
1828 533 1847 598 ‘l

517 771 589 847 Die
611 772 713 868 jovis
740 772 924 868 vigesima
952 774 1088 847 octava
1111 771 1200 866 julii
1238 771 1416 846 Pontifex
1444 770 1539 846 duos
1567 771 1668 845 cives
1695 769 1847 868 placen·
1875 777 1938 835 sot
1956 775 1993 832 54
2010 794 2033 833 r.

410 915 511 991 enos
525 915 670 990 sources
683 913 884 991 albertum
900 916 946 990 aa
965 893 1180 992 saracenus
1194 918 1234 990 u
1249 891 1284 988 a.
1301 914 1501 1012 naysum
1520 915 1674 990 nasson
1693 913 1742 988 aa
1756 913 1848 989 vur-

410 1055 560 1128 ‹larium
587 1055 793 1130 Belvedere
822 1055 904 1145 (lo)
933 1057 1020 1150 post
1045 1054 1200 1128 missam
1227 1054 1372 1128 creavit
1400 1054 1539 1161 milites
1558 1055 1726 1130 auratos.

515 1330 677 1427 Propter
703 1332 903 1406 victoriam
929 1332 1030 1428 regis
1057 1332 1318 1428 Portugalliaa
1337 1332 1421 1423 (lb)
1447 1335 1583 1406 contra
1609 1330 1781 1405 infideles
1808 1330 1848 1403 in
1875 1353 1951 1410 aas
1969 1371 1998 1410 v.

409 1469 583 1564 partibus
610 1469 753 1560 Indiae,
769 1468 947 1546 solemnis
974 1468 1161 1567 processio
1190 1469 1442 1545 cardinalium
1469 1471 1511 1545 et
1538 1469 1660 1545 totius
1688 1469 1779 1545 cleri
1808 1467 1849 1543 in

409 1613 560 1710 signum
595 1613 768 1689 laetitiae
808 1612 943 1687 habita
978 1613 1055 1687 luit
1081 1613 1122 1687 in
1159 1613 1220 1687 die
1247 1637 1276 1688 s.
1303 1613 1514 1704 Laurentii,
1553 1636 1630 1709 qua
1657 1613 1847 1704 absoluta,

410 1755 584 1829 ostensus
611 1755 672 1828 est
698 1751 839 1826 Vultus
867 1750 1028 1827 Sanctus
1052 1773 1138 1826 cum
1158 1751 1258 1827 ferro
1277 1751 1445 1846 lanceae,
1465 1754 1508 1828 et
1522 1751 1615 1828 facti
1633 1755 1726 1826 sunt
1743 1753 1850 1851 ignes

410 1897 450 1971 in
477 1897 646 1973 castello.

516 2183 563 2256 In
589 2182 722 2281 vigilia
749 2180 1029 2280 Assumptionis
1057 2183 1245 2281 gloriosae
1280 2182 1439 2282 virginis
1466 2183 1611 2260 Marias
1639 2183 1700 2259 dis
1727 2181 1848 2258 domi·
1876 2199 1943 2260 aas
1956 2219 1988 2274 r,
2001 2201 2078 2260 sav.

411 2328 496 2402 nica
524 2328 564 2403 in
591 2329 763 2426 cappella
789 2329 949 2404 luerunt
968 2352 1147 2427 vesperae
1174 2330 1328 2443 papales
1347 2328 1674 2405 extraordinariae
1701 2330 1743 2404 et
1760 2327 1849 2402 sim·

411 2469 545 2562 plices:
574 2469 613 2542 iu
643 2470 703 2544 die
731 2472 863 2545 autern
891 2469 1174 2566 Assumptionis
1201 2471 1336 2545 habita
1364 2471 1439 2544 fuit
1466 2470 1637 2566 cappella
1663 2467 1821 2565 papalia.

518 2747 588 2822 Die
615 2749 828 2843 penultima
855 2751 1011 2844 augusti
1038 2772 1135 2845 quae
1162 2750 1240 2824 fuit
1257 2749 1336 2826 dies
1356 2751 1543 2840 mercurii,
1575 2752 1692 2847 Papa,
1716 2749 1851 2826 audita
1876 2764 1898 2824 f.
1916 2765 1952 2820 5⁷
1970 2781 1999 2820 v.

411 2886 573 2961 victoria
599 2909 666 2983 per
694 2909 822 2984 regem
851 2888 934 2978 (17)
963 2887 1331 2983 Hungariaehabita
1357 2892 1491 2963 contra
1511 2889 1681 2965 infideles
1708 2891 1851 2965 scithas

410 3026 491 3102 sive
518 3029 658 3117 turcas,
692 3028 811 3122 jussit
847 3028 931 3102 dari
957 3029 1066 3126 signa
1108 3029 1280 3105 laetitiae
1320 3029 1360 3103 in
1399 3034 1524 3105 castro
1551 3053 1581 3104 s.
1614 3029 1763 3128 Angeli,
1791 3029 1852 3104 uti

412 3169 555 3244 fuctum
594 3169 671 3245 fuit
696 3171 736 3246 in
773 3172 835 3247 die
861 3195 891 3248 s.
919 3171 1119 3248 Laurentii
1146 3175 1303 3271 propter
1339 3173 1541 3251 victoriam
1577 3175 1677 3272 regis
1711 3175 1850 3250 Portu·

411 3313 563 3411 galliae.

516 3600 587 3678 Die
615 3603 728 3679 lunae
743 3624 842 3700 quae
857 3602 933 3678 fuit
952 3603 1135 3701 vigesima
1154 3605 1272 3680 tertia
1298 3603 1525 3700 septembris
1553 3601 1591 3680 S.
1621 3604 1666 3678 D.
1696 3603 1744 3679 N.
1774 3603 1852 3681 Lao
1879 3614 1900 3672 f·
1918 3615 1955 3672 ⁵8
1973 3633 1996 3673 r·

410 3746 577 3840 quatuor
603 3745 813 3822 cardinales
833 3748 980 3823 creavit
1008 3748 1106 3841 (18),
1134 3747 1355 3825 sedentibus
1381 3747 1422 3822 in
1453 3746 1679 3823 mosistorio
1712 3747 1852 3844 viginti

410 3889 677 3980 cardinalibus,
706 3887 865 3964 fuerunt
892 3889 1122 3968 Laurentius
1138 3891 1274 3967 Putius
1303 3891 1461 3966 natione
1483 3888 1711 3965 florentinus
1730 3912 1853 3988 nuper

412 4031 594 4120 datarius,
623 4029 751 4105 Julius
770 4031 815 4106 de
834 4031 987 4106 Medicis
1008 4032 1167 4107 natione
1186 4033 1411 4108 florentinus
1438 4030 1686 4108 consobrinus
1714 4031 1851 4127 Papae,
1928 4111 1936 4124 ,

411 4171 667 4247 Bernardinus
707 4171 754 4245 de
787 4170 948 4246 Bibiena
988 4171 1214 4247 florentinus
1251 4173 1430 4247 alumnus
1463 4170 1590 4267 Papae
1624 4175 1666 4248 et
1697 4173 1852 4247 thesau-

411 4313 546 4402 rarius,
576 4311 819 4388 Innocentius
834 4312 925 4388 Cibo
940 4335 1056 4410 nepos
1084 4315 1210 4410 Papae
1238 4336 1283 4390 ex
1303 4336 1450 4390 sorore:
1470 4314 1512 4389 et
1534 4313 1596 4389 die
1614 4312 1730 4388 lunae
1748 4314 1852 4410 vige·

411 4457 508 4530 sirua
527 4455 691 4552 septima
718 4455 943 4552 septembris
962 4457 1038 4530 suit
1055 4457 1321 4533 consistorium
1349 4458 1557 4554 publicum,
1578 4458 1616 4532 in
1645 4479 1722 4552 quo
1748 4457 1854 4552 Papa

413 4597 519 4670 dedit
536 4596 752 4692 cappellum
778 4598 937 4671 rubrum
964 4598 1074 4672 novis
1101 4597 1369 4673 cardinalibus.

518 4879 604 4975 Ipso
632 4876 693 4952 die
721 4899 797 4975 quo
823 4878 1001 4953 habitum
1037 4879 1114 4954 luit
1152 4877 1419 4956 consistorium
1458 4877 1669 4976 publicum,
1698 4876 1745 4954 de
1773 4899 1852 4974 quo
1879 4905 1956 4964 ω
1974 4925 2001 4964 ς,

413 5047 539 5120 supra,
577 5022 750 5119 pontifex
784 5023 927 5098 statuit
954 5023 1055 5120 quod
1083 5022 1163 5099 dies
1197 5022 1424 5098 Sanctorum
1452 5021 1578 5098 Cosmi
1605 5022 1647 5097 et
1674 5019 1852 5096 Damiani

413 5169 596 5263 perpetuo
624 5165 727 5239 iuter
755 5164 853 5240 festa
882 5165 1017 5263 palatii
1046 5166 1321 5256 recenseretur,
1350 5162 1578 5241 declarando
1607 5163 1721 5240 simul
1750 5161 1852 5261 quod

414 5310 463 5383 ab
486 5305 598 5406 opere
625 5309 755 5387 servili
783 5333 860 5386 non
890 5313 990 5386 osset
1017 5310 1299 5386 abstinendum.
