4970 6352
884 637 919 686 rc
941 638 1056 686 omaro
1080 638 1116 684 nr
1138 636 1222 685 rnre
1245 637 1358 686 anona
1381 639 1413 688 x.
1819 619 1862 687 27

425 856 582 931 inerant
610 878 678 952 pro
706 857 879 979 ingressu
906 859 1008 954 regis
1035 861 1322 954 peragerentur,
1352 861 1393 934 et
1419 859 1685 935 consistorium
1726 859 1861 934 haberi

421 1000 563 1095 posset.

475 1301 476 1306 ’
532 1281 746 1356 Dismartis
760 1282 961 1356 undecima
980 1283 1189 1358 decembris
1219 1281 1429 1356 cardinales
1457 1301 1588 1355 omnes
1615 1305 1775 1358 numero
1803 1285 1860 1358 vi·
1888 1288 2024 1346 Pol-1⁸⁹
2042 1306 2070 1347 v.

284 1423 287 1430 '
420 1419 518 1516 giuti
546 1420 586 1493 in
614 1421 758 1518 palatio
794 1421 921 1516 Papae
962 1421 1002 1494 in
1043 1420 1268 1496 bononiensi
1304 1420 1463 1527 civitate
1500 1423 1721 1518 congregati
1756 1427 1861 1504 sunt.

419 1567 460 1641 et
487 1564 535 1640 ed
562 1569 712 1662 portam
741 1591 769 1644 s.
800 1566 934 1641 Felicis
953 1588 1039 1641 cum
1058 1565 1217 1640 solemni
1237 1587 1376 1660 pompa
1408 1562 1490 1660 regi
1509 1568 1757 1641 occurrerunt
1783 1591 1862 1643 nna

419 1731 505 1784 cum
532 1733 673 1805 magna
699 1710 830 1810 populi
858 1710 1120 1784 multitudine.
1150 1708 1276 1782 Tanta
1302 1709 1436 1782 autem
1463 1708 1540 1782 luit
1558 1710 1676 1783 turba
1703 1710 1743 1783 in
1771 1709 1861 1785 aula

417 1851 681 1945 consistoriali,
710 1853 848 1929 utrix
876 1874 1011 1929 secana
1029 1851 1236 1944 videretur,
1257 1852 1298 1929 et
1331 1850 1411 1947 ipse
1443 1874 1509 1926 rex
1536 1851 1601 1928 vix
1630 1855 1757 1949 posset
1776 1875 1861 1950 pro·

416 1997 523 2096 gredi
550 2019 683 2074 versus
711 1997 867 2097 Papam.
897 1998 1066 2074 Tandem
1093 2021 1182 2074 eum
1209 1997 1257 2073 ad
1285 2021 1374 2074 eum
1409 1996 1637 2087 accessisset,
1666 1997 1860 2075 osculatus

417 2145 476 2219 est
498 2143 614 2239 juxta
641 2167 783 2221 morem
813 2143 960 2241 pedem,
988 2167 1158 2236 manum,
1198 2142 1335 2221 faciem
1362 2117 1571 2235 Pontificis,
1596 2142 1792 2220 declarans
1820 2143 1860 2219 in

416 2284 567 2380 vulgari
595 2284 731 2382 gallico
759 2307 799 2360 se
827 2265 946 2360 fllium
977 2286 1254 2363 deditissimum
1276 2285 1324 2361 ad
1363 2285 1492 2361 omnia
1520 2285 1705 2360 mandata
1733 2285 1860 2385 Papae

416 2425 647 2520 exequenda.
677 2424 736 2498 Ad
764 2448 864 2523 qnae
891 2429 997 2523 Papa
1033 2426 1303 2523 benignissime
1330 2429 1371 2501 et
1408 2426 1629 2503 humaniter
1665 2427 1861 2522 respondit

417 2569 545 2642 omnia
574 2567 646 2641 sibi
674 2567 777 2642 dicta
804 2568 843 2641 in
873 2568 995 2643 Deum
1022 2568 1269 2643 transferens.
1307 2566 1451 2641 Deinde
1484 2569 1732 2644 cancellarius
1758 2569 1859 2666 regis

415 2714 523 2787 veste
550 2733 669 2786 aurea
687 2711 801 2806 longa
820 2711 990 2801 indutus,
1016 2712 1238 2808 genuflexus
1258 2710 1513 2786 obedientiam
1535 2712 1575 2784 in
1594 2711 1718 2786 iorma
1744 2713 1859 2789 solita

380 2821 383 2829 ¹
415 2851 567 2926 nomine
594 2850 708 2946 Regis
735 2851 923 2946 presentis
950 2851 1157 2946 praestitit.
1186 2850 1269 2926 Rex
1296 2854 1426 2925 autem
1455 2851 1555 2924 nutu
1573 2851 1709 2946 capitis
1728 2855 1770 2926 et
1787 2853 1856 2926 hu·

415 3013 607 3066 merorum
636 2991 766 3064 omniu
793 2989 1026 3086 approbavit
1053 3012 1151 3086 quae
1175 2990 1278 3065 dicta
1306 2990 1461 3065 inerant
1479 3012 1547 3085 per
1574 2992 1856 3083 cancellarium,

416 3139 456 3211 et
483 3136 587 3230 Papa
614 3135 810 3232 eleganter
834 3157 1055 3231 responsum
1076 3133 1182 3209 dedit
1199 3134 1349 3230 publice
1366 3137 1407 3209 et
1425 3134 1693 3230 multipliciter
1711 3137 1857 3232 regiam

416 3279 529 3354 fidem
542 3277 820 3355 commendans.
832 3278 905 3353 Die
920 3278 1069 3353 veneris
1085 3276 1231 3353 decima
1241 3280 1382 3374 quarta
1393 3276 1600 3353 decembris
1610 3277 1788 3354 habitum
1798 3282 1858 3357 est

415 3419 684 3496 consistorium
711 3421 900 3494 secretum
928 3421 968 3492 in
995 3442 1071 3515 qno
1101 3417 1150 3492 ad
1177 3441 1306 3514 preces
1332 3417 1447 3516 Regis
1475 3421 1626 3495 creatus
1645 3421 1705 3496 est
1723 3421 1857 3499 urricus

414 3561 616 3638 cardinalis
635 3559 670 3634 d.
690 3559 883 3636 Adrianus
910 3559 1105 3658 episcopus
1133 3561 1429 3637 constantiensis
1465 3561 1586 3636 frater
1617 3563 1748 3660 magni
1774 3563 1854 3641 Ma·

413 3708 524 3804 gistri
551 3709 613 3782 cui
641 3705 856 3803 assignatus
884 3706 961 3780 luit
988 3705 1128 3781 titulus
1155 3728 1203 3780 ss.
1232 3705 1340 3781 Petri
1371 3707 1411 3782 et
1439 3705 1662 3782 Marcellini.

519 3990 590 4068 Die
604 3990 754 4068 sabbati
770 3989 916 4067 decima
930 3989 1068 4087 quinta
1082 3989 1289 4068 decembris
1303 4013 1380 4088 qua
1394 4013 1459 4068 rer
1473 3993 1667 4069 statuerat
1680 3991 1854 4069 Bononia
1881 4018 1903 4080 r,
1923 4021 1984 4095 rte,
1999 4021 2052 4080 147
2065 4041 2094 4084 v.

412 4132 613 4224 discedere,
633 4135 738 4230 Papa
765 4134 814 4208 ad
832 4156 921 4209 eum
948 4134 1054 4208 misit
1072 4153 1222 4210 crucem
1248 4155 1405 4208 auream
1423 4135 1583 4229 gemmis
1602 4139 1643 4210 et
1660 4133 1852 4233 lapidibus

410 4276 586 4374 pretiosis
614 4279 791 4352 ornatam
818 4275 942 4374 pretio
970 4278 1215 4352 aestimatam
1244 4273 1460 4372 quindecim
1487 4274 1652 4351 millium
1694 4275 1851 4352 ducato·

411 4445 498 4494 rum
526 4422 622 4510 auri,
654 4420 713 4494 uti
740 4443 857 4517 supra
884 4420 1030 4496 dictum
1058 4422 1130 4514 est,
1158 4442 1275 4517 quam
1310 4440 1377 4493 rex
1414 4421 1621 4494 veneratus
1658 4421 1717 4494 est
1743 4440 1852 4516 prae·

411 4562 542 4636 sertim
571 4561 612 4635 in
651 4560 743 4658 pede
781 4562 873 4657 quia
909 4561 963 4636 ibi
1000 4585 1087 4659 pars
1121 4559 1216 4660 ligni
1251 4561 1515 4638 sanctissimae
1552 4561 1681 4638 Crucis
1715 4561 1762 4636 D.
1804 4563 1852 4637 N.

411 4702 503 4778 Jesu
532 4703 673 4778 Christi
700 4703 740 4776 in
768 4704 988 4797 quantitate
1016 4703 1116 4780 sicut
1142 4707 1202 4779 est
1229 4704 1406 4780 avellana
1426 4704 1523 4796 (35).
1552 4703 1731 4780 Abeunte
1750 4727 1850 4801 rege,

410 4845 565 4943 plurimi
591 4867 637 4920 ex
665 4844 873 4919 baronibus
915 4849 955 4919 et
982 4845 1175 4920 nobilibus
1212 4845 1305 4921 viris
1341 4845 1453 4942 gallis
1495 4845 1690 4921 Bononiae
1728 4847 1854 4924 adhuc

410 4990 686 5080 remanserunt,
699 4990 746 5063 ut
772 4988 917 5086 gratias
936 5011 960 5062 a
978 4990 1084 5087 Papa
1103 4989 1365 5086 impetrarent,
1382 4990 1423 5065 et
1450 4989 1646 5087 speciatim
1675 4992 1722 5065 ut
1749 5013 1853 5066 acce·

411 5133 542 5208 dentes
570 5131 618 5207 ad
645 5132 960 5227 poenitentiarios
989 5132 1194 5230 deputatos
1221 5157 1380 5210 numero
1409 5135 1617 5233 octoginta,
1637 5157 1851 5211 sacramen·

410 5278 528 5354 talem
556 5277 832 5354 confessionem
861 5279 1017 5374 possent
1044 5300 1235 5376 peregere.
