4948 6368
592 529 636 596 68
1147 555 1270 602 armna
1293 557 1338 602 na
1362 557 1477 604 naresr

1938 659 2029 670 -—-.

388 795 519 856 morsm
536 814 566 859 v.
699 772 770 851 Die
799 774 914 850 lunae
941 779 1051 852 sexta
1077 775 1163 852 iulii
1190 802 1267 877 qua
1296 779 1371 855 luit
1398 782 1664 859 consistorium
1693 788 1895 879 secretum,
1926 789 2030 885 Papa

596 918 763 1015 privavit
780 919 1013 996 cardinalem
1027 921 1264 998 Hadrianum
1280 925 1362 1016 (ol)
1382 924 1633 1017 cardinalatu,
1654 926 1855 1020 beneficiis,
1872 931 1913 1003 et
1927 931 2030 1003 omni

593 1064 714 1157 gradu
742 1065 783 1138 ct
811 1064 953 1138 honore
982 1064 1245 1159 ecclesiastico,
1274 1068 1365 1164 quia
1391 1068 1470 1165 ipse
1499 1071 1544 1144 ut
1570 1070 1643 1143 snb
1661 1067 1761 1145 Iulio
1781 1071 1934 1164 lecerat,
1956 1071 2028 1146 illi·

592 1207 786 1284 centiatus
813 1204 978 1304 aufugit,
1006 1209 1049 1282 ot
1075 1212 1234 1286 vocatus
1261 1210 1386 1285 noluit
1412 1207 1554 1303 venire,
1583 1213 1624 1286 et
1659 1212 1752 1310 quic
1773 1233 1925 1290 consors
1955 1213 2031 1288 fuit

593 1355 634 1428 in
660 1374 837 1449 processu
865 1352 1068 1428 cardinalis
1095 1352 1142 1430 de
1169 1353 1364 1431 Petrutiis.

543 1667 566 1708 r.
701 1636 796 1711 Cum
824 1635 1048 1733 magnificus
1076 1639 1117 1713 et
1144 1637 1424 1714 illustrissimus
1450 1629 1638 1738 [dominus
1667 1639 1868 1736 Dispottus
1909 1641 2030 1717 fllium

594 1779 802 1872 habuisset,
818 1780 932 1876 petiit
959 1803 983 1855 a
1010 1803 1109 1876 papa
1136 1782 1182 1854 ut
1209 1779 1384 1879 patrinus
1411 1779 1460 1854 ad
1487 1781 1632 1857 fontem
1653 1782 1954 1881 baptissinrulem
1974 1783 2029 1857 irr-

594 1925 741 1999 iantem
768 1926 985 2022 susciperet.
1014 1925 1066 2000 Et
1091 1926 1197 2022 Papa
1224 1927 1450 2022 acceptavit,
1465 1932 1506 2002 et
1524 1928 1563 2002 in
1583 1928 1739 2004 ecclesia
1756 1953 1786 2004 s.
1813 1929 1930 2004 Marci
1949 1950 2032 2005 cae·

595 2067 766 2141 remonia
791 2067 927 2141 habita
954 2067 1042 2161 fuit,
1058 2067 1402 2144 intervenientibus
1430 2070 1558 2144 dacem
1586 2072 1854 2146 cardinalibus.
1883 2071 2032 2148 Nomen

596 2208 755 2284 infantis
781 2209 859 2284 fuit
884 2209 1058 2305 loannes,
1087 2209 1536 2304 Martianabeonardus.

702 2492 846 2570 Diebus
873 2494 949 2570 illis
977 2517 1062 2571 cum
1091 2517 1190 2591 papa
1218 2499 1318 2571 esset
1344 2498 1452 2572 extra
1484 2496 1617 2571 urbem
1632 2495 1786 2589 Romae,
1806 2497 2031 2573 nunciatum

596 2634 673 2708 fuit
699 2636 867 2732 qualiter
893 2638 1017 2714 bonas
1045 2637 1250 2713 memorias
1287 2637 1491 2714 cardinalis
1530 2638 1767 2734 pistoriensis
1806 2639 2032 2715 florentinus

596 2782 772 2854 mortuus
799 2782 909 2855 esset.

560 3121 567 3137 .
705 3063 776 3139 Die
780 3120 855 3138 ......
884 3066 1023 3140 mensis
1051 3065 1216 3140 octobris
1243 3087 1330 3141 cum
1358 3063 1464 3161 Papa
1490 3065 1590 3141 esset
1608 3066 1648 3140 in
1667 3064 1917 3141 'luschanslla
1945 3087 2030 3141 cum

596 3205 730 3282 multis
757 3205 1025 3298 cardinalibus,
1053 3207 1349 3304 superveniente
1376 3207 1531 3282 domino
1559 3207 1743 3282 cardinali
1769 3209 1902 3304 pisano
1929 3230 2030 3283 novo

595 3352 746 3441 veneto,
775 3349 852 3424 fuit
878 3373 903 3425 a
929 3349 1087 3447 collegio
1116 3349 1431 3427 consistorialiter
1461 3349 1659 3442 admissus,
1688 3353 1729 3426 ct
1756 3373 1781 3425 a
1807 3349 1912 3447 Papa
1939 3349 2031 3425 assi·

595 3492 737 3586 gnatus
763 3490 821 3565 illi
847 3491 964 3587 locus,
992 3492 1033 3568 ot
1059 3495 1236 3589 apertum
1264 3515 1317 3584 os,
1346 3495 1386 3569 et
1412 3489 1527 3568 datus
1554 3492 1720 3568 annulus
1746 3493 1787 3568 et
1814 3491 1965 3568 titulus.

545 3814 568 3854 r.
703 3779 774 3856 Dio
801 3779 991 3856 dominica
1017 3781 1181 3877 septima
1217 3781 1435 3858 novembris
1473 3781 1663 3878 ingressus
1690 3783 1750 3856 est
1777 3779 1911 3854 urbem
1954 3779 2031 3877 epi·

596 3947 730 4023 scopus
757 3924 942 4019 plocensis
969 3926 1101 3999 orator
1136 3925 1309 4022 polonus,
1348 3926 1389 3999 at
1416 3924 1492 3999 fuit
1523 3947 1547 3998 a
1582 3924 1739 3998 familiis
1775 3923 2028 3998 cardinalium

596 4068 766 4141 omnium
783 4066 974 4158 obviatum
1004 4071 1045 4142 et
1072 4066 1134 4142 die
1161 4067 1310 4142 veneris
1328 4066 1511 4163 vigesima
1531 4069 1641 4141 serta
1659 4064 1876 4142 novembris
1895 4065 2033 4139 habuit

597 4210 835 4287 audientiam
862 4233 886 4285 a
914 4208 1019 4308 Papa
1046 4233 1114 4306 pro
1143 4209 1360 4286 obedientia
1387 4209 1628 4307 praestanda.
1665 4209 1759 4284 Post
1795 4207 2030 4284 audientiam

597 4355 774 4430 duximus
802 4378 891 4432 eum
919 4355 967 4429 od
995 4355 1108 4431 aedos
1134 4377 1234 4447 suas,
1264 4355 1330 4430 ubi
1367 4355 1464 4431 varii
1500 4353 1692 4429 tubicines
1729 4356 1771 4430 ct
1796 4352 2030 4428 fistulatores

598 4501 852 4596 expectabant
878 4501 1071 4574 sonantes.

417 4839 434 4877 0
543 4837 568 4879 ,‚
703 4782 748 4858 ln
776 4783 838 4860 die
864 4783 986 4860 sancti
1015 4782 1199 4880 Stephani
1227 4785 1313 4880 post
1342 4783 1495 4857 missam
1523 4783 1562 4857 in
1590 4783 1761 4878 cappella
1798 4781 2028 4857 celebratam

598 4930 703 5025 Papa
731 4929 892 5006 donavit
918 4951 987 5005 suo
1011 4929 1306 5004 caeremoniario
1322 4951 1390 5026 pro
1410 4927 1569 5020 mantia,
1589 4927 1884 5024 pulcherrimum
1905 4925 2031 5001 clavo·

598 5073 805 5148 cimbalum
833 5073 914 5148 sivo
941 5072 1225 5163 monocordum,
1240 5070 1342 5167 quod
1370 5073 1531 5167 ipsemet
1543 5070 1583 5144 in
1601 5091 1672 5144 sua
1691 5089 1842 5143 camera
1859 5066 2030 5155 tenebat,

596 5214 739 5292 valoris
767 5216 921 5290 centurn
949 5211 1188 5306 ducatorum,
1217 5215 1309 5312 quia
1336 5213 1527 5322 intellexit
1553 5212 1664 5287 illum
1692 5210 1859 5284 multum
1892 5209 1932 5282 in
1961 5206 2032 5282 tali

595 5382 688 5436 sono
721 5357 914 5436 delectari.
