4948 6368
834 722 869 772 rc
892 721 1008 770 urssro
1030 721 1067 768 or
1091 721 1175 768 esne
1197 720 1311 768 suoru
1333 721 1365 771 x.
1784 697 1826 768 8¹1

383 937 542 1015 ostiensi
570 937 736 1030 ecclesia,
765 937 845 1034 ipse
872 938 1025 1034 quidem
1053 937 1255 1014 cardinalis
1283 937 1428 1014 obtulit
1446 937 1592 1014 loculus
1612 936 1739 1029 altori,
1758 935 1825 1013 sed

380 1101 460 1156 uon
490 1077 637 1155 funalis
664 1078 755 1177 quia
782 1078 881 1155 dixit
908 1101 949 1155 se
976 1077 1140 1155 oblitum
1168 1101 1262 1156 esse.

487 1363 599 1442 Hisce
626 1364 759 1441 diebus
785 1386 853 1440 rex
876 1363 1140 1463 Portugalliae
1161 1363 1267 1438 misit
1284 1362 1335 1436 ad
1352 1362 1498 1461 Papam
1515 1361 1649 1439 literas
1677 1359 1718 1436 in
1735 1360 1820 1459 qni·
1850 1367 1913 1428 rol.
1931 1369 1986 1426 429
2003 1386 2027 1427 r·

381 1508 451 1584 bus
469 1509 654 1583 narrabat
672 1531 712 1584 se
731 1507 859 1584 iniisse
879 1507 1012 1584 foedus
1031 1531 1117 1584 cum
1149 1506 1362 1606 presbjtero
1394 1505 1420 1580 J
1422 1505 1571 1582 ohanne
1588 1503 1674 1598 (69)
1687 1502 1822 1580 lithio·

380 1675 483 1748 pum,
495 1651 679 1727 Indorum
695 1653 812 1749 utque
824 1650 1070 1727 Abassiornm
1085 1672 1186 1748 repe,
1197 1673 1242 1728 eo
1257 1649 1359 1748 quod
1370 1649 1659 1748 ipsepresbyter
1669 1647 1825 1725 volebat

380 1815 459 1870 esse
488 1795 643 1870 omnino
669 1793 910 1888 christianus,
940 1816 986 1870 eo
1015 1793 1117 1893 quod
1154 1791 1241 1870 erat
1267 1792 1499 1869 christianus
1522 1791 1604 1890 jam
1635 1815 1659 1868 a
1690 1791 1824 1869 multis

380 1935 502 2030 anuis,
531 1940 577 2012 ut
603 1937 683 2035 ipse
710 1937 852 2036 aJ'ebat,
880 1937 947 2014 sed
973 1936 1172 2015 nesciebat
1190 1936 1357 2035 qualiter
1374 1936 1536 2013 adorare
1564 1935 1698 2014 desum
1714 1933 1821 2012 curi·

379 2087 484 2160 stum
512 2085 668 2162 deberet
694 2086 731 2160 in
756 2086 864 2162 cultu
882 2084 1083 2178 catholico,
1103 2087 1145 2162 et
1163 2083 1320 2182 iusuper
1338 2082 1496 2162 volebat
1515 2104 1602 2158 cunr
1622 2105 1710 2180 rege
1730 2082 1822 2158 Por·
1901 2175 1905 2182 1

380 2229 566 2325 tugalliae
592 2251 763 2327 pugnare
791 2232 1081 2320 contraturcas
1109 2231 1154 2305 et
1179 2229 1275 2304 alios
1304 2227 1486 2304 infideles.
1516 2228 1620 2325 Papa
1643 2223 1824 2303 recitavit

380 2369 450 2444 has
477 2368 609 2444 literae
637 2369 677 2443 in
704 2372 884 2445 hesterno
920 2368 1144 2446 consistorio
1175 2372 1220 2445 ut
1246 2368 1409 2482 liaberet
1437 2369 1532 2443 vota
1568 2365 1822 2442 cardinalium

380 2529 492 2604 super
518 2510 662 2606 gratias
688 2510 769 2586 Deo
797 2510 964 2606 agendas
992 2514 1033 2586 et
1061 2511 1161 2588 festa
1192 2509 1422 2608 peragenda.

486 2791 557 2868 Die
583 2794 733 2869 veneris
769 2793 1037 2870 decimotertio
1063 2791 1288 2889 septembris
1318 2815 1350 2868 r.
1379 2791 1416 2866 d.
1444 2791 1669 2867 Franciscus
1701 2787 1985 2882 cordi-24³1„

378 2931 477 3009 nelis
504 2931 736 3011 Armellinus
764 2937 916 3011 creatus
935 2935 995 3012 est
1014 2955 1137 3020 novus
1157 2933 1390 3010 camerarius
1416 2932 1509 3032 quia
1527 2955 1595 3034 per
1613 2931 1820 3010 caesionem

379 3077 453 3152 rmi
481 3077 516 3154 d.
547 3078 749 3156 cardinalis
777 3079 989 3157 Innocentii
1017 3079 1110 3155 Oibo
1140 3077 1255 3156 cessit
1272 3078 1561 3174 camerariatus,
1583 3082 1626 3156 et
1652 3103 1683 3156 r.
1703 3077 1821 3155 Fran-

380 3219 499 3296 ciscns
525 3222 728 3298 cardinalis
757 3221 992 3300 Armellinus
1020 3225 1171 3298 creatus
1199 3226 1261 3299 est
1288 3245 1411 3301 novus
1431 3223 1663 3300 camerarius
1681 3243 1822 3320 perre-

379 3366 634 3464 signationem
662 3366 833 3464 ejusdem
861 3367 1065 3444 cardinalis
1084 3366 1188 3443 (libo.
1212 3367 1387 3445 Secunda
1406 3368 1470 3446 die
1488 3368 1656 3446 octobris
1674 3367 1823 3465 praedi·

379 3511 463 3584 ctus
491 3508 694 3586 cardinalis
721 3508 956 3586 Armellinus
984 3511 1091 3586 misit
1109 3533 1177 3610 pro
1197 3511 1494 3588 caeremoniario
1512 3514 1560 3587 ut
1579 3511 1615 3588 ei
1633 3511 1822 3608 significa·

379 3652 440 3728 ret
457 3651 549 3749 quid
568 3675 657 3728 eum
675 3655 798 3730 lacere
817 3655 1014 3750 oporteret
1028 3656 1074 3728 ut
1089 3654 1190 3730 recte
1209 3653 1258 3728 ad
1273 3654 1569 3730 camerariatum
1585 3653 1822 3754 procederet.

484 3935 556 4013 Die
571 3937 748 4016 mercurii
761 3939 928 4014 secunda
945 3938 1111 4015 octobris
1126 3962 1202 4036 qua
1217 3936 1294 4014 luit
1307 3938 1528 4016 audientiae
1546 3937 1669 4016 Rotae
1684 3939 1819 4062 prima,
1849 3981 1869 4042 ᾗ
1888 3983 1943 4042 432
1959 4001 1988 4044 v,

379 4083 420 4156 et
437 4083 715 4174 consistorium,
736 4085 867 4158 orator
881 4082 1043 4180 Angliae
1059 4085 1098 4159 in
1113 4086 1317 4180 conspectu
1336 4082 1464 4180 Papae
1482 4083 1718 4180 genuflexus,
1732 4107 1820 4183 pro·

378 4225 508 4322 posuit
535 4225 689 4302 nomine
707 4225 767 4301 sui
786 4225 885 4323 regis
904 4225 1110 4323 quemdam
1128 4226 1301 4302 libellum
1317 4229 1572 4324 compositum
1592 4231 1674 4303 tam
1694 4249 1822 4326 aroge

379 4395 496 4468 quam
524 4395 548 4446 a
575 4371 653 4446 suis
673 4371 786 4470 regiis
805 4372 1029 4450 consiliariis
1049 4371 1133 4465 (60)
1148 4395 1262 4472 super
1276 4371 1522 4449 nullitctibus
1536 4371 1822 4449 conclusionum

379 4513 537 4590 Martini
564 4514 723 4592 Lutheri
751 4517 817 4615 qui
844 4519 1047 4615 scripserat
1074 4520 1210 4592 contra
1236 4516 1395 4615 Papam.
1424 4519 1532 4616 Papa
1557 4515 1755 4616 respoudit
1781 4539 1822 4592 se

379 4678 518 4730 munus
546 4660 755 4754 acceptare,
784 4663 825 4736 et
852 4661 898 4736 de
925 4660 997 4736 hoc
1023 4661 1173 4759 gratias
1200 4682 1312 4757 agere
1340 4661 1433 4738 Deo.

486 4795 532 4872 ln
559 4795 635 4874 flue
663 4799 877 4878 consistorii
906 4799 1011 4900 Papa
1038 4806 1182 4905 recepit
1208 4805 1513 4882 iuramentuma
1536 4804 1721 4882 cardinali
1750 4803 1821 4885 Ar·

380 4939 537 5018 mellino
564 4965 665 5020 novo
693 4945 917 5023 camerario.

487 5234 559 5313 Die
578 5237 727 5315 veneris
746 5238 1031 5340 decimaquintu
1048 5241 1267 5322 novembris
1285 5249 1393 5318 rmus
1412 5239 1604 5319 Antonius
1623 5241 1671 5320 de
1689 5239 1822 5319 Monte
1847 5255 1941 5316 ecee
1958 5275 1983 5316 r.

381 5379 642 5460 cardinalias.
672 5385 853 5463 Praxedis
888 5388 1037 5486 juravit
1063 5389 1103 5466 in
1131 5390 1307 5468 manibus
1340 5391 1468 5491 Papae
1505 5389 1822 5468 consistorialiter

381 5525 560 5608 sedentis.
