4948 6368
858 652 892 698 rr,
915 648 1030 698 ornare
1053 652 1091 699 nr
1113 650 1197 698 aava
1219 651 1332 698 anona
1355 653 1386 698 x.
1804 633 1848 700 65

407 886 540 962 ordine
569 891 610 964 et
638 887 843 966 devotione
871 891 913 963 et
940 886 1156 984 frequentia
1184 887 1326 984 populi.
1357 887 1615 964 Praecedebat
1633 887 1845 986 capitulum

407 1055 436 1107 s.
467 1031 572 1108 Petri
610 1056 694 1108 cnm
735 1034 859 1132 capite
887 1058 916 1110 s.
956 1034 1131 1110 Andreae
1168 1036 1208 1111 et
1244 1033 1344 1111 ferro
1380 1034 1545 1111 lanceae.
1576 1028 1847 1134 Sequebantur

407 1179 495 1255 inde
522 1185 821 1273 conservatores,
848 1182 1071 1278 capuriones
1100 1205 1185 1258 curn
1224 1183 1349 1278 capite
1376 1205 1404 1256 s.
1435 1181 1596 1257 loannis
1634 1181 1846 1280 Baptistae,

407 1323 539 1416 postea
567 1343 697 1396 omnes
726 1323 917 1413 officiales,
946 1323 1160 1414 societates,
1186 1323 1535 1412 confraternitates,
1555 1323 1691 1413 clerus,
1712 1322 1751 1396 in
1771 1322 1847 1396 fine

407 1464 579 1540 canonici
610 1465 880 1544 lateranenses,
901 1467 1007 1564 Papa
1027 1467 1219 1566 equitavit
1235 1465 1459 1564 simpliciter
1477 1466 1620 1563 absque
1639 1465 1720 1541 ulla
1739 1488 1845 1564 pom·

407 1631 455 1703 pa
486 1607 535 1682 ad
564 1608 740 1685 ecclosias
768 1609 868 1708 ipsas
896 1609 944 1685 ad
973 1633 1069 1707 quas
1096 1610 1143 1686 de
1171 1632 1283 1685 mane
1310 1611 1497 1708 processio
1526 1609 1663 1701 iverat,
1684 1611 1725 1684 et
1748 1609 1847 1683 mul·

406 1753 467 1824 tas
497 1753 757 1849 eleemosynas
786 1754 887 1831 fecit.
923 1754 1121 1830 Dominica
1140 1753 1201 1828 die
1222 1753 1268 1828 de
1286 1777 1374 1830 rosa
1407 1753 1483 1828 suit
1511 1753 1628 1828 etiam
1657 1751 1846 1850 processio

406 1892 453 1966 ad
486 1917 600 1988 quarn
630 1895 735 1990 Papa
762 1895 836 1971 ivit
862 1895 944 1971 sine
975 1896 1150 1992 planellis
1187 1901 1228 1971 et
1264 1896 1344 1971 sine
1380 1894 1628 1986 sotularibus,
1653 1893 1700 1969 ad
1736 1893 1847 1990 cujus

406 2034 621 2130 exemplum
650 2036 763 2110 multi
792 2035 1003 2111 cardinales
1035 2036 1213 2111 similiter
1250 2035 1435 2111 lecerunt.
1472 2034 1651 2110 Pontifex
1687 2038 1846 2132 paratus

407 2179 601 2255 benedixit
627 2205 752 2258 rosana
782 2204 881 2278 quae
909 2181 957 2258 ab
987 2205 1064 2256 uno
1093 2181 1228 2258 clerico
1267 2203 1438 2256 camerae
1476 2179 1606 2255 delata
1642 2178 1719 2254 fuit
1754 2179 1846 2252 ante

409 2348 544 2421 papam
574 2326 621 2399 ad
650 2326 845 2402 ecclesiam
885 2303 1092 2402 Minervae.
1123 2325 1155 2401 A
1185 2327 1315 2424 platea
1341 2349 1371 2401 a.
1401 2324 1507 2400 Petri
1544 2345 1665 2422 usque
1692 2322 1740 2398 ad
1775 2323 1843 2398 Mi·

408 2487 566 2540 nervam
595 2466 634 2541 in
662 2466 735 2543 viis
763 2470 875 2544 orant
903 2466 1202 2565 decernqninque
1221 2467 1366 2542 altaria
1384 2465 1567 2564 disposita
1585 2465 1695 2563 equis
1713 2464 1847 2564 spatiis

407 2605 606 2700 distantia,
637 2609 750 2704 plena
777 2608 1026 2685 sanctissimis
1066 2607 1250 2704 reliquiis,
1279 2609 1370 2681 ante
1399 2628 1498 2704 quae
1534 2606 1640 2703 Papa
1668 2606 1707 2680 in
1740 2608 1845 2681 terra

407 2752 783 2847 pulverulentissirna
810 2751 1030 2848 genuflexit,
1047 2775 1123 2825 non
1151 2753 1356 2848 expectans
1384 2741 1554 2826 cussinos
1581 2753 1651 2825 aut
1675 2751 1845 2848 tappete.

408 2895 466 2970 lid
494 2899 646 2993 portam
676 2897 883 2974 Minervae¹
897 2898 1185 2973 conservatores
1213 2919 1297 2972 curn
1318 2898 1495 2972 senatore
1515 2896 1743 2994 acceperunt
1765 2895 1846 2972 bal·

407 3041 623 3118 dochinum.
652 3043 782 3118 Finita
809 3042 936 3134 missa,
971 3040 1174 3118 cardinalis
1203 3041 1248 3118 de
1276 3039 1456 3117 Farneaio
1476 3039 1581 3138 prior
1600 3039 1846 3116 diaconorum

408 3189 562 3285 accepta
589 3188 696 3262 bulla
723 3210 743 3263 a
771 3188 948 3263 manibus
977 3188 1116 3285 Papae,
1151 3187 1192 3262 et
1216 3184 1398 3262 adscensu
1439 3185 1600 3283 pulpito,
1642 3183 1738 3281 legit
1764 3205 1850 3260 eam

408 3353 507 3426 quae
520 3329 757 3406 continebat
797 3330 951 3406 decreta
992 3352 1105 3428 snper
1142 3327 1383 3427 expeditione
1423 3328 1558 3404 contra
1586 3332 1727 3418 turcam
1767 3328 1850 3415 Qua

411 3475 533 3569 linita,
562 3475 668 3572 Papa
696 3475 878 3552 intonuit.
910 3479 926 3512 ‘¹
953 3477 1000 3550 Tc
1026 3478 1130 3550 dcam
1156 3475 1348 3550 laudamus.
1373 3531 1389 3562 ,

513 3759 583 3834 Die
611 3757 880 3856 decimaprima
914 3758 1044 3834 martii
1076 3755 1378 3833 anniversarium
1421 3753 1652 3830 sanctissimi
1694 3751 1850 3830 Domini
1877 3755 1941 3813 1¹¹0!-
1959 3753 2015 3812 ⁰⁰⁰
2032 3770 2055 3812 r·

406 3901 527 3976 nostri
556 3900 693 3974 Leonis
720 3900 796 3974 fuit
823 3899 937 3974 missa
964 3899 1143 3974 solemnis
1171 3899 1211 3972 in
1239 3898 1410 3995 cappella
1428 3897 1568 3995 papali,
1585 3897 1851 3994 praesentibus

406 4045 569 4141 triginta
597 4044 747 4120 duobus
774 4043 1050 4135 cardinalibus;
1079 4043 1234 4120 missam
1264 4041 1438 4118 cantavit
1465 4039 1669 4116 cardinalis
1696 4038 1744 4116 de
1772 4039 1850 4116 lle-

406 4187 498 4265 dicis
526 4188 874 4266 vice-cancellarius
902 4189 1102 4288 presbyter
1130 4209 1264 4264 novus

515 4475 585 4552 Die
612 4475 728 4552 lanae
754 4474 1039 4575 decimaquinta
1065 4475 1196 4552 martii
1223 4499 1254 4552 r.
1293 4477 1405 4573 pater
1436 4473 1613 4552 dominus
1655 4471 1852 4572 episcopus
1879 4487 1900 4546 r.
1917 4486 1973 4545 coo
1990 4505 2013 4545 r.

406 4645 671 4718 syracusanus,
687 4625 819 4700 orator
837 4621 1014 4700 catholici
1042 4621 1141 4720 regis
1162 4621 1409 4720 hispanorum
1434 4620 1609 4696 mortuus
1636 4622 1697 4697 est
1727 4619 1852 4694 morto

406 4767 607 4861 repentina
635 4789 680 4842 ex
709 4765 909 4863 apoplexia
937 4767 1017 4843 sive
1036 4767 1203 4863 guttula,
1224 4789 1270 4842 ex
1289 4788 1365 4862 quo
1384 4787 1474 4840 casu
1493 4785 1625 4839 omnes
1644 4761 1851 4860 stupefacti

408 4911 509 4984 suni.
530 4908 573 4983 In
605 4910 865 4986 anniversario
894 4913 1026 4984 antem
1054 4911 1323 5001 coronationis,
1348 4909 1558 4985 celebravit
1586 4907 1740 4982 missam
1767 4927 1849 4980 cor·

408 5052 546 5128 dinalis
574 5057 795 5130 sanctornm
825 5055 1010 5142 Quatuor.

514 5335 713 5411 Dominioa
741 5335 788 5410 de
816 5335 971 5426 Palmis,
987 5338 1076 5432 post
1102 5335 1259 5408 missam
1286 5334 1393 5428 Papa
1420 5353 1533 5428 super
1551 5330 1785 5407 cardinalem
1805 5329 1853 5406 de
1878 5343 1899 5406 l.
1918 5347 1973 5410 uoe
1990 5373 2019 5414 v.

409 5479 588 5552 Famesio
616 5477 787 5572 legatum
816 5475 863 5550 ad
893 5474 1090 5551 Caesarem
1119 5477 1210 5548 ante
1237 5473 1349 5572 pedes
1374 5472 1457 5568 ejus
1484 5470 1736 5568 genuflexum,
1756 5468 1852 5567 legit

531 5615 549 5668 a
