4970 6352
644 555 689 622 30
965 545 968 551 ’
1221 574 1345 622 namna
1369 576 1415 622 orr
1438 575 1555 622 armar

1749 667 2080 682 Μ

644 795 733 871 alba
760 795 1050 893 quinquaginta,
1075 818 1174 893 quae
1193 799 1394 893 gestarunt
1412 799 1535 893 primo
1554 795 1693 873 iratres
1708 797 1754 874 de
1772 799 1924 896 populo,
1945 799 2081 877 deinde

644 937 782 1010 fratres
809 959 839 1010 s.
866 937 1082 1030 Augustini.
1103 936 1148 1008 In
1168 939 1316 1012 riarum
1337 939 1497 1014 decursu
1516 962 1639 1036 neque
1666 945 1801 1015 contus
1821 943 1994 1036 publicus
2012 967 2079 1016 au·

644 1077 759 1168 ditus,
780 1097 903 1171 noque
922 1076 1041 1149 ullum
1063 1078 1321 1172 spectaculum
1340 1080 1464 1154 visum
1485 1079 1674 1172 fuit,cu1n
1693 1081 1786 1156 haec
1804 1085 1967 1178 tempori
1988 1105 2079 1177 qua·

644 1221 880 1316 dragesimae
901 1219 1027 1295 minus
1047 1221 1308 1312 convenirent,
1328 1220 1394 1296 sed
1413 1225 1568 1297 tantum
1588 1221 1818 1298 bombardae
1832 1222 1872 1296 in
1886 1225 2081 1298 nonnullis

644 1362 735 1435 locis
762 1362 984 1456 praesertim
1014 1362 1054 1434 in
1078 1363 1203 1435 castro
1230 1383 1259 1434 s.
1289 1361 1427 1455 Angeli
1445 1363 1709 1435 intonuerunt.
1739 1362 1947 1456 Postquam
1976 1335 2080 1458 Papa

643 1504 819 1597 pervenit
846 1501 894 1576 ad
921 1503 1041 1576 scalas
1081 1525 1110 1576 s.
1143 1503 1261 1593 Petri,
1294 1503 1466 1577 canonici
1498 1501 1602 1575 illius
1634 1501 1813 1576 ecclesiae
1849 1501 2080 1598 pluvialibus

644 1668 774 1721 omnes
797 1646 924 1721 induti
943 1647 1166 1723 detulerunt
1185 1647 1307 1723 eidem
1327 1645 1453 1744 Papae
1474 1645 1643 1736 Crucem,
1665 1669 1780 1742 quum
1799 1647 1877 1742 ipsa
1896 1646 1943 1719 de
1962 1669 2077 1720 mauu

644 1789 847 1863 cardinalis
875 1789 1044 1864 Famesii
1063 1790 1260 1885 accipiens,
1280 1789 1499 1885 genuflexus
1519 1790 1711 1865 osculatus
1736 1793 1808 1880 est,
1827 1792 1868 1865 et
1885 1789 2020 1864 deinde
2040 1789 2080 1862 in

643 1931 761 2005 ianua
788 1954 962 2028 aspersus
990 1935 1032 2006 et
1058 1933 1287 2022 incensatus,
1316 1932 1365 2006 ad
1393 1933 1516 2007 altare
1544 1933 1731 2028 pervenit,
1751 1933 1818 2006 ubi
1836 1932 1903 2006 diu
1939 1934 2078 2024 oravit,

643 2074 979 2151 circumstantibus
993 2076 1167 2151 omnibus
1198 2073 1454 2150 cardinalibus
1469 2079 1509 2152 et
1523 2076 1717 2173 praelatis,
1732 2079 1773 2152 et
1787 2075 1948 2150 adorata
1968 2097 2080 2172 capsa

644 2215 895 2309 Sacramenti,
915 2219 1121 2294 solemnem
1139 2217 1444 2297 benedictionem
1465 2223 1684 2320 impertitus
1702 2225 1772 2313 est,
1788 2223 1829 2296 et
1851 2221 1968 2318 jussit
1985 2221 2078 2317 pub·

643 2361 777 2436 blicari
805 2359 1086 2458 indulgentiam
1114 2365 1259 2459 septam
1287 2384 1484 2438 annorum.

747 2648 818 2720 Dia
833 2647 1024 2721 dominica
1051 2647 1245 2743 appellata
1263 2648 1311 2720 de
1330 2599 1587 2724 Rosa'oetava
1607 2647 1804 2738 februarii,
1824 2649 1948 2744 prima
1960 2649 2078 2722 missa

641 2789 729 2884 post
747 2786 916 2861 reditum
931 2788 1058 2861 curiae
1074 2787 1266 2862 celebrata
1279 2791 1338 2862 est
1364 2787 1405 2861 in
1425 2787 1595 2884 cappella
1609 2787 1742 2884 palatii
1761 2810 1828 2884 par
1845 2787 2073 2863 cardinalem

640 2929 867 3022 Adrianum,
883 2934 1083 3025 praesente
1102 2930 1297 3021 Pontifico,
1318 2929 1576 3005 cardinalibus
1595 2929 1822 3026 quindecim,
1836 2932 1877 3004 at
1895 2929 2075 3026 praelatis

640 3069 790 3144 circitor
817 3069 990 3164 triginta.
1020 3069 1113 3143 Post
1131 3071 1286 3144 missam
1305 3069 1407 3166 apud
1427 3070 1576 3150 lectum¹
1588 3070 1802 3166 paramenti
1830 3069 1870 3143 in
1898 3070 1988 3144 aula
2006 3095 2067 3146 su·

640 3211 780 3306 periori
808 3211 913 3308 Papa
941 3210 1135 3285 benedixit
1176 3233 1313 3301 rosam,
1356 3185 1517 3308 eamque
1544 3212 1716 3308 portavit
1743 3233 1830 3286 cum
1873 3211 2025 3288 radians
2053 3238 2077 3287 a

585 3412 588 3420 .
640 3354 812 3450 cappella
838 3354 878 3427 in
907 3352 994 3428 sede
1021 3353 1237 3430 veheretur.
1258 3353 1364 3428 Nihil
1393 3358 1523 3429 tamen
1551 3376 1597 3428 ea
1624 3354 1685 3428 die
1708 3353 1834 3431 voluit
1861 3353 2070 3429 deliberare

640 3498 686 3573 da
721 3520 830 3574 rosas
870 3497 1087 3573 donatione.
1118 3496 1363 3573 Solummodo
1400 3519 1473 3573 vox
1515 3495 1703 3592 quaedam
1734 3495 2071 3572 circumferebatur

640 3639 742 3736 quod
770 3640 875 3735 Papa
901 3638 1020 3716 vellet
1048 3663 1185 3714 munus
1204 3640 1300 3714 illud
1319 3640 1473 3714 mittere
1492 3639 1541 3712 ad
1560 3638 1916 3713 christianissimum
1944 3660 2071 3734 regem

639 3779 832 3854 Franciao.

587 4083 611 4120 r·
746 4063 816 4139 Die
845 4064 1022 4140 mercurii
1050 4065 1187 4161 quinta
1205 4065 1335 4139 martii
1355 4063 1589 4139 celebratum
1621 4068 1681 4140 est
1714 4064 2016 4142 airniversarium
2040 4089 2069 4140 s.

639 4228 753 4283 mem.
773 4208 870 4283 Julii
899 4209 1025 4304 Papae
1053 4207 1154 4305 quod
1173 4207 1354 4283 celebrari
1373 4231 1450 4283 non
1470 4207 1599 4304 potuit
1624 4207 1685 4284 die
1712 4208 1875 4284 secunda
1903 4209 2069 4304 ejusdem

639 4351 778 4424 mensis
792 4349 882 4444 quia
896 4351 1002 4423 curia
1016 4352 1100 4448 arat
1114 4351 1154 4423 in
1172 4353 1292 4422 motu.
1313 4349 1421 4423 Hanc
1440 4350 1489 4422 ob
1508 4371 1673 4434 causam,
1687 4349 1849 4444 jubente
1867 4349 1982 4446 Papa,
2006 4375 2073 4446 per

638 4511 723 4562 eam
751 4488 852 4564 diem
879 4489 1084 4564 audentiae
1112 4491 1318 4565 cessarunt.
1348 4487 1500 4562 Missam
1535 4489 1742 4565 celebravit
1769 4489 2069 4588 archiepiscopus

637 4653 848 4706 nazarenus
875 4653 943 4727 pro
972 4631 1154 4706 cardinali
1182 4632 1404 4708 vulterrano
1433 4631 1545 4707 affine
1564 4631 1691 4728 Papae
1722 4632 1902 4726 defuncti,
1932 4635 1997 4731 qui
2031 4657 2070 4710 so

637 4772 833 4850 excusavit
846 4774 1002 4868 propter
1016 4773 1290 4848 infirmitatem.
1308 4773 1351 4848 In
1367 4773 1440 4848 lina
1455 4772 1560 4869 Papa
1574 4775 1741 4851 absolvit
1754 4779 1869 4871 prout
1883 4776 1929 4854 de
1949 4798 2069 4853 more.

468 5044 487 5101 f.
508 5047 561 5102 ¹⁶⁶
579 5063 600 5104 v
742 5057 814 5131 Die
831 5056 967 5129 martis
981 5053 1181 5130 undecima
1195 5057 1325 5130 martii
1344 5058 1383 5130 in
1404 5057 1534 5153 vigilia
1552 5080 1582 5152 s,
1604 5055 1777 5152 Gregorii
1796 5058 1872 5131 fuit
1889 5060 2065 5134 anniver-

636 5197 783 5273 sarium
810 5197 1006 5274 electionis
1034 5200 1075 5274 et
1102 5199 1371 5295 assumptionis
1399 5200 1447 5275 ad
1476 5199 1743 5298 pontificatum
1770 5224 1890 5298 papae
1922 5201 2068 5277 leonis.

636 5337 759 5426 Quare
801 5339 1018 5414 cardinales
1058 5342 1248 5416 venerunt
1288 5339 1338 5414 ad
1380 5340 1564 5436 palatium
1607 5363 1737 5417 omnes
1773 5342 1899 5416 induti
1940 5345 2069 5442 cappis
