4970 6352
643 590 688 659 58
1195 610 1320 659 ramur
1341 610 1388 658 nn
1411 610 1527 658 amasi

440 845 503 904 rot
516 845 571 903 aaa
589 863 618 908 v.
709 841 711 848 '
753 833 826 908 Die
853 833 1001 911 venaris
1028 832 1224 930 trigesima
1257 830 1425 907 octobris
1451 830 1579 928 hujus,
1608 830 1786 906 habitum
1813 836 1873 910 est
1900 833 2085 910 consisto·

645 977 748 1051 rium
775 999 844 1074 pro
873 977 998 1052 tribua
1026 976 1282 1052 cardinalibus
1310 980 1421 1054 novis
1448 976 1515 1072 qui
1543 974 1699 1053 fuerunt
1721 977 1925 1074 Pompejus
1948 979 1995 1054 de
2022 1001 2081 1054 co·

645 1121 780 1194 lumna
806 1142 999 1212 romanus,
1029 1123 1070 1196 et
1096 1119 1335 1194 Raimundus
1372 1119 1419 1195 de
1446 1118 1542 1195 Vicb
1575 1120 1806 1212 valentinus,
1844 1125 1886 1196 et
1913 1122 2082 1198 Joannes

646 1263 693 1338 da
726 1257 909 1340 Salviatis
942 1262 1179 1356 florentinus,
1214 1261 1426 1359 exquibus
1463 1263 1538 1339 duo
1574 1265 1687 1360 primi
1724 1266 1894 1341 nondum
1931 1266 2080 1363 cappel-

644 1405 726 1480 lum
754 1407 982 1480 habuerant.
1001 1405 1105 1514 ⁴Post
1132 1406 1399 1481 consistorium
1434 1407 1512 1479 tres
1544 1407 1637 1481 novi
1673 1407 1883 1482 cardinales
1923 1407 2082 1482 fuerunt

645 1545 823 1622 conducti
850 1545 900 1620 ad
928 1545 1061 1620 domos
1101 1567 1201 1637 suas,
1243 1544 1422 1622 videlicet
1462 1545 1509 1621 de
1550 1545 1731 1622 Salviatis
1775 1547 1824 1621 ad
1870 1548 2084 1644 prioratum

649 1688 754 1763 urbis
782 1689 822 1762 in
858 1688 988 1784 platea
1014 1709 1045 1762 s.
1073 1686 1191 1778 Petri,
1220 1685 1267 1760 de
1295 1686 1389 1762 Vich
1417 1686 1465 1761 ad
1493 1710 1522 1762 s.
1549 1688 1781 1780 Marcellum,
1820 1689 1867 1764 da
1899 1689 2084 1765 Columna

647 1828 697 1904 ad
711 1829 890 1926 antiquas
911 1829 1024 1905 aedes
1042 1827 1363 1922 Oolumnensium,
1381 1832 1420 1905 in
1435 1853 1510 1927 quo
1525 1831 1663 1906 itinere
1677 1831 1752 1907 fuit
1767 1831 1896 1928 aliqua
1911 1833 2083 1928 quaestio

647 1971 748 2048 inter
774 1975 1060 2050 conservatores
1089 1975 1129 2048 at
1155 1970 1299 2069 priores
1327 1973 1588 2073 capurionum,
1617 1997 1685 2072 pro
1713 1974 1907 2052 delatione
1920 1975 2080 2074 cappelli

506 2127 507 2130 ’
645 2117 849 2193 cardinalis
876 2118 923 2192 de
952 2115 1149 2193 Columna.

610 2461 617 2480 .
751 2403 823 2480 Die
849 2401 1030 2480 mercurii
1057 2402 1197 2501 quarta
1211 2401 1428 2479 novembris
1448 2401 1487 2478 in
1505 2401 1740 2497 consistorio,
1762 2403 1868 2503 Papa
1882 2401 2084 2484 mandavit

645 2546 747 2647 quod
774 2545 946 2644 quolibet
985 2569 1087 2621 anno
1115 2545 1156 2619 in
1197 2547 1427 2642 perpetuum
1456 2551 1542 2644 post
1569 2546 1668 2622 diem
1710 2549 2082 2624 commemorationis

645 2691 817 2769 omnium
831 2689 1099 2766 defunctorum
1116 2687 1217 2762 infra
1235 2691 1374 2766 octava
1392 2689 1454 2766 die
1471 2689 1634 2781 sabbati,
1651 2689 1712 2766 vel
1731 2714 1807 2787 qua
1825 2691 1886 2768 dia
1899 2691 2084 2789 placuerit

648 2836 787 2932 Papae,
815 2832 924 2910 fieret
950 2833 1122 2931 cappella
1149 2831 1296 2929 papalis
1322 2855 1391 2929 pro
1421 2832 1680 2910 anniversario
1708 2833 1879 2909 omnium
1911 2832 2082 2908 cardina·

647 2980 743 3054 lium
758 2977 1036 3054 defunctorum:
1051 2978 1093 3050 et
1112 2995 1250 3052 revera
1266 2976 1338 3050 hoc
1353 2998 1455 3052 anno
1470 2977 1531 3050 die
1549 2975 1700 3050 sabbati
1713 2997 1812 3072 quae
1831 2976 1908 3051 fuit
1920 2977 2082 3073 septima

646 3121 875 3214 novembris,
895 3119 1029 3194 habita
1055 3122 1115 3195 est
1135 3117 1249 3193 missa
1268 3141 1336 3215 pro
1366 3117 1628 3196 anniversario
1656 3117 1908 3193 cardinalium
1928 3120 1968 3192 in
1995 3141 2082 3215 cap·

647 3262 748 3358 pella
765 3261 912 3358 palatii,
931 3259 1195 3356 praesentibus
1214 3259 1377 3355 triginta
1398 3259 1656 3334 cardinalibus
1674 3281 1760 3334 cum
1780 3259 1975 3336 Pontifice:
1996 3261 2084 3334 mis·

648 3423 730 3478 sam
748 3401 921 3478 cantavit
939 3399 1142 3476 cardinalis
1170 3399 1217 3476 de
1246 3398 1395 3475 Grassis
1422 3403 1517 3474 tunc
1543 3400 1772 3475 camerarius
1799 3399 1960 3497 collegii.

754 3683 826 3761 Die
853 3683 1001 3761 venaris
1029 3681 1292 3760 decimatertia
1318 3685 1547 3778 novembris,
1563 3690 1650 3784 post
1677 3709 1793 3782 quam
1812 3685 1917 3784 Papa
1935 3686 1975 3762 in
1995 3708 2084 3763 con·

649 3828 801 3905 sistorio
820 3830 965 3904 secreto
984 3827 1174 3926 privasset
1191 3827 1407 3925 episcopum
1428 3849 1654 3905 suanensem
1682 3829 1749 3927 qui
1767 3831 1978 3909 vocabatur
1995 3831 2085 3908 bat·

648 3972 799 4048 tantins
826 3970 1024 4047 Petrutius
1052 3969 1272 4068 episcopatu
1292 3993 1361 4048 suo
1389 3975 1430 4047 et
1457 3972 1543 4048 aliis
1580 3974 1788 4052 honoribus
1815 3980 1855 4052 et
1881 3975 2084 4068 beneflciis,

649 4116 802 4214 aperuit
820 4138 862 4191 os
879 4115 989 4191 novis
1017 4115 1141 4189 tribus
1169 4113 1435 4207 cardinalibus,
1451 4119 1492 4192 et
1511 4116 1617 4193 dedit
1643 4117 1792 4193 duobus
1812 4140 1858 4194 er
1883 4117 1938 4194 eis
1965 4141 2085 4192 annu·

649 4259 743 4350 lum,
770 4258 888 4334 tertio
919 4261 1052 4334 autern
1088 4279 1166 4331 non
1199 4257 1306 4332 dedit
1339 4259 1430 4355 quia
1457 4259 1498 4334 in
1525 4260 1722 4336 Florentia
1749 4262 1857 4336 illum
1886 4261 2085 4354 babuerat,

650 4401 718 4500 qui
745 4401 873 4478 fuerat
900 4401 1102 4478 cardinalis
1130 4401 1177 4477 de
1205 4394 1400 4478 Salviatis.
1429 4404 1652 4500 Assignavit
1680 4409 1810 4481 autern
1839 4406 2023 4481 cardinali
2041 4406 2087 4482 de

651 4543 837 4618 Columna
862 4543 904 4616 in
931 4543 1091 4616 titulum
1118 4540 1313 4615 basilicam
1341 4541 1540 4618 duodecim
1559 4565 1607 4618 ss.
1637 4544 1910 4640 apostolorum,
1938 4547 1978 4621 et
2006 4567 2086 4620 cur·

652 4684 771 4760 dinali
798 4683 845 4762 de
871 4684 967 4761 Viclr
995 4684 1193 4762 ecclesiam
1219 4705 1249 4759 s.
1278 4684 1460 4761 Marcelli.

598 4991 623 5031 r·
759 4965 927 5043 Sabbata
955 4971 1123 5095 quatuor
1148 4970 1366 5064 temporum
1386 4965 1493 5064 Papa
1511 4967 1640 5043 tenuit
1666 4967 1946 5046 ordinationem
1970 4966 2089 5066 publi·

652 5130 736 5184 cam
764 5109 804 5182 in
832 5130 902 5182 sua
928 5107 1065 5201 majori
1102 5107 1273 5203 cappella
1304 5107 1443 5204 papali,
1472 5110 1512 5182 in
1541 5132 1617 5204 qna
1657 5110 1852 5187 ordinavit
1892 5110 2089 5186 duodecim

652 5249 862 5326 cardinales
889 5247 1067 5340 novitios,
1082 5247 1260 5324 videlicet
1288 5249 1457 5345 quinqua
1483 5249 1738 5347 presbyteros,
1766 5254 1834 5347 qui
1862 5252 2021 5326 fuerunt
2042 5250 2089 5326 de

652 5393 818 5488 Medicis,
847 5390 895 5469 de
921 5390 1151 5469 Montefelco
1180 5391 1276 5469 alias
1302 5391 1502 5487 tranensis,
1532 5393 1578 5469 de
1606 5393 1750 5473 Rubeis
1782 5393 2017 5472 cortonensis
2048 5395 2090 5472 et
