4948 6368
650 595 694 666 oe
1200 621 1323 668 aaaron
1347 624 1393 669 uu
1417 623 1533 672 umssr

651 709 1190 721 .---.-—-—·-—---—--.-.-—---.
1325 716 1667 727 ----—-----—-.·-·-·
1676 720 1688 728 .-
1700 719 1764 728 ...ω
1783 719 1994 730 ..ι-...ωι--ο-
2001 721 2083 732 η--υι

649 841 902 933 processiones
929 840 1062 918 diebus
1090 843 1249 934 veneris,
1264 845 1415 920 sabbati
1434 848 1475 921 et
1492 844 1716 940 dominicae,
1736 847 1881 924 scilicet
1898 847 1962 925 die
1988 848 2081 925 duo·

648 984 805 1078 decima,
834 987 1110 1083 decimatortia,
1140 994 1180 1066 et
1207 991 1494 1092 decimaquarta
1520 995 1659 1071 mensis
1687 995 1829 1071 martii.

755 1132 883 1209 Prima
923 1135 1111 1232 processio
1139 1137 1215 1212 fuit
1241 1139 1290 1213 ab
1317 1139 1474 1216 ecclesia
1501 1161 1531 1214 s.
1561 1130 1768 1236 Augustini
1801 1138 1850 1214 ad
1886 1140 2081 1216 ecclesiam

648 1273 684 1349 S.
714 1275 858 1353 Mariae
884 1277 930 1352 de
958 1280 1142 1370 Aracaeli,
1171 1270 1336 1356 secunda
1362 1281 1411 1356 ab
1439 1282 1596 1356 ecclesia
1629 1304 1659 1356 s.
1694 1281 1892 1358 Laurentii
1928 1284 1969 1358 in
2007 1283 2082 1358 Da·

647 1440 752 1495 maso
780 1420 828 1495 ad
856 1420 1052 1498 ecclesiam
1079 1446 1108 1498 s.
1137 1423 1281 1500 Mariae
1308 1387 1677 1522 doi’opu103tertia
1698 1426 1945 1502 abasilicas.
1976 1425 2083 1501 Petri

645 1562 694 1636 ad
722 1563 918 1639 ecclesiam
945 1589 974 1640 s.
1004 1566 1148 1642 Mariae
1175 1567 1222 1642 de
1258 1566 1441 1644 Minerva.
1476 1566 1702 1641 Mandatum
1739 1572 1869 1644 autem
1903 1568 1980 1642 fuit
2012 1570 2083 1644 hac

645 1704 691 1778 de
720 1726 835 1780 causa
862 1707 1054 1804 magistris
1081 1711 1292 1787 stratarum
1319 1711 1366 1784 ut
1392 1712 1570 1805 aptarent
1597 1711 1680 1788 vias
1715 1709 1841 1806 quoad
1877 1710 2006 1785 lutum
2042 1715 2082 1785 et

645 1847 770 1941 quoad
799 1853 989 1943 paratnm;
1005 1852 1199 1923 statutum
1226 1849 1302 1923 fuit
1329 1852 1374 1924 ut
1400 1849 1559 1944 collegia
1586 1852 1627 1923 at
1647 1845 1944 1926 iora'oessarent
1963 1873 2081 1945 usque

643 1985 692 2060 ad
720 1987 854 2061 horam
883 2011 1036 2081 nonem,
1065 1993 1106 2064 ot
1134 1991 1257 2064 onmis
1285 1990 1534 2086 magistratus
1561 1989 1610 2063 ad
1638 1990 1914 2086 processionem
1934 1992 2083 2067 veniret

644 2149 833 2202 unacum
863 2097 1233 2225 omnibuscoilegiis
1269 2129 1531 2204 ecclesiasticis
1565 2133 1606 2203 et
1641 2129 1911 2220 saecularibus,
1952 2151 2081 2205 omnes

641 2270 863 2366 capuriones
878 2293 963 2346 cum
983 2273 1062 2346 suis
1081 2273 1237 2365 civibus,
1257 2295 1389 2349 omnes
1407 2271 1620 2362 societates,
1641 2293 1771 2347 omnes
1785 2271 1934 2346 ordines
1950 2272 2080 2347 curiae

642 2415 682 2486 st
710 2410 895 2487 ufficiales
922 2413 1038 2504 urbis,
1067 2427 1149 2488 tam
1177 2415 1312 2510 palatii
1340 2436 1456 2510 quam
1479 2412 1738 2504 cancellariae,
1768 2416 1809 2488 et
1837 2434 1966 2487 omnes
1987 2413 2079 2486 arti-

641 2550 727 2628 fices
756 2553 928 2628 omnium
956 2546 1143 2628 ordinum.
1172 2554 1271 2629 Item
1299 2557 1346 2629 ut
1373 2575 1502 2628 omnes
1531 2576 1738 2650 campanae
1767 2553 1870 2628 urbis
1894 2555 1960 2626 illo
1980 2557 2077 2629 tem-

640 2715 730 2790 pore
757 2694 965 2791 pulsarent,
981 2698 1021 2771 et
1034 2695 1233 2771 manuales
1259 2696 1363 2770 intra
1382 2696 1539 2770 claustri
1557 2667 1689 2771 eodem
1713 2698 1886 2790 tempore
1909 2695 2079 2770 facerent

639 2841 894 2938 processiones
913 2845 954 2918 et
972 2863 1102 2918 omnes
1128 2847 1283 2917 sanctae
1310 2842 1494 2938 reliquiae
1513 2845 1773 2940 portarentur,
1791 2841 1958 2938 exceptis
1977 2841 2076 2939 capi·

640 2985 745 3060 tibus
773 2987 1044 3079 apostolorum,
1073 2988 1115 3061 et
1141 2985 1260 3062 Vulto
1288 2983 1439 3078 Sancto,
1468 2985 1635 3082 imagine
1663 2978 1888 3075 Salvatoris,
1914 2986 1955 3058 et
1984 2984 2076 3058 ima·
2112 3007 2114 3012 ·

639 3128 728 3223 gine
755 3150 784 3203 s.
815 3127 980 3224 Virginis
1008 3152 1123 3225 quani
1152 3152 1181 3204 ι.
1216 3129 1317 3204 Luca
1358 3128 1571 3226 depinxisse
1602 3129 1782 3220 creditur,
1821 3127 1912 3223 quia
1942 3129 2077 3236 ¹porta·

640 3270 786 3344 buntur
812 3291 898 3344 cum
926 3271 1115 3366 expeditio
1144 3271 1211 3345 fiet
1239 3275 1372 3346 contra
1400 3274 1539 3346 turcas.
1569 3269 1692 3344 Jussit
1718 3271 1851 3348 autem
1884 3269 1989 3363 Papa
2032 3270 2077 3341 ut

642 3407 890 3484 bannimenta
917 3409 1067 3506 penalia
1095 3410 1232 3485 fierent
1259 3431 1326 3506 per
1354 3409 1538 3487 vicarium
1568 3410 1692 3515 Papae
1721 3413 1761 3483 et
1788 3430 1855 3505 per
1886 3409 2078 3504 gubernu-

638 3555 763 3624 torem
793 3551 908 3640 urbis,
938 3548 1154 3625 auditorem
1186 3572 1369 3642 camerae,
1405 3551 1599 3644 regentem
1635 3548 1895 3638 cancellariae,
1931 3549 2075 3621 barun-

639 3693 777 3768 cellum
795 3696 842 3768 ut
858 3694 952 3768 haec
970 3695 1099 3769 omnia
1117 3696 1406 3790 exequerentur,
1428 3689 1632 3766 inhibendo
1652 3711 1827 3788 expresse
1849 3691 2072 3765 mulieribus

638 3837 848 3913 inhonestis
867 3841 914 3913 ut
931 3862 955 3913 a
973 3839 1209 3934 processione
1227 3840 1430 3928 cessarent,
1451 3839 1491 3910 et
1509 3857 1585 3910 non
1605 3833 1781 3910 venirent
1807 3834 1880 3908 nisi
1906 3833 2005 3908 sorte
2034 3834 2074 3908 iu

639 3979 775 4068 habitu
803 3978 1082 4075 poenitentiali.
1112 3977 1312 4052 Statutum
1339 3979 1456 4053 otiam
1484 3977 1560 4050 fuit
1589 3979 1634 4051 ut
1662 3977 1817 4050 sonaret
1844 3975 1919 4050 iilis
1939 3974 2073 4050 diebus

640 4122 813 4220 quotidie
840 4123 880 4196 in
909 4123 1085 4198 omnibus
1113 4122 1290 4214 ecclesiis,
1319 4122 1436 4196 etiarn
1465 4120 1664 4217 parochiis,
1680 4121 1719 4195 in
1735 4119 1891 4194 meridie
1925 4118 2073 4215 signum

641 4265 742 4361 quod
770 4266 853 4342 Avo
880 4264 1003 4340 Maria
1031 4264 1182 4354 dicitur,
1211 4285 1309 4360 quae
1337 4263 1487 4337 dicatur
1515 4262 1615 4337 sicut
1642 4261 1716 4336 dici
1743 4261 1854 4353 solet,
1879 4260 1920 4334 in
1944 4281 2073 4355 crepu-

526 4444 528 4450 1
640 4409 745 4486 sculo
773 4407 860 4484 diei.

747 4695 817 4770 Die
847 4695 994 4772 veneris
1021 4693 1167 4770 decima
1194 4695 1360 4770 secundo
1376 4695 1517 4786 martii,
1538 4696 1724 4790 processio
1743 4693 1820 4767 fuit
1839 4694 1887 4770 ab
1915 4692 2072 4768 ecclesia

639 4859 668 4910 s.
698 4835 904 4931 Augustini
932 4835 981 4910 ad
1009 4835 1204 4911 ecclesiam
1232 4837 1278 4910 de
1306 4834 1478 4910 aracoeli
1516 4856 1603 4908 cum
1640 4837 1752 4910 tanta
1788 4835 1991 4911 devotione
2027 4835 2072 4904 ut

639 4997 715 5051 non
744 4981 871 5071 posset
898 4977 1010 5067 credi,
1039 4981 1080 5051 at
1108 4979 1164 5050 ita
1191 4978 1325 5072 plenae
1353 4980 1463 5050 erant
1491 4977 1577 5051 viae
1606 4997 1735 5050 omnes
1762 4946 1899 5050 utnon
1919 4975 2070 5049 credere

638 5117 894 5211 potuissemus
922 5121 1075 5192 tuntum
1104 5118 1286 5213 populum
1301 5138 1381 5192 esse
1400 5117 1440 5191 iu
1458 5119 1544 5190 tota
1563 5115 1689 5208 Italia,
1710 5121 1897 5212 quantum
1916 5117 1956 5190 iu
1975 5115 2069 5191 urbe

637 5261 730 5334 sole.
760 5259 831 5334 Die
859 5259 1010 5334 sabbati
1038 5260 1216 5335 similiter
1242 5261 1428 5355 processio
1457 5260 1533 5334 fuit
1563 5260 1612 5334 ab
1640 5259 1795 5334 ecclesia
1821 5259 1942 5334 sancti
1971 5259 2070 5332 Laru-

636 5397 750 5476 rentii
778 5399 820 5474 in
846 5398 1012 5476 Damaso
1039 5399 1087 5474 ud
1115 5399 1310 5476 ecclesiam
1338 5401 1375 5477 b.
1405 5399 1547 5476 Marios
1575 5399 1622 5475 de
1650 5399 1795 5497 Populo
1824 5423 1908 5476 cum
1933 5397 2070 5496 mojori
