<?xml version="1.0" encoding="UTF-8"?>
<!DOCTYPE html PUBLIC "-//W3C//DTD XHTML 1.0 Transitional//EN"
    "http://www.w3.org/TR/xhtml1/DTD/xhtml1-transitional.dtd">
<html xmlns="http://www.w3.org/1999/xhtml" xml:lang="en" lang="en">
 <head>
  <title>
</title>
<meta http-equiv="Content-Type" content="text/html;charset=utf-8" />
  <meta name='ocr-system' content='tesseract 3.04.00' />
  <meta name='ocr-capabilities' content='ocr_page ocr_carea ocr_par ocr_line ocrx_word'/>
</head>
<body>
  <div class='ocr_page' id='page_1' title='image "./ildiariodileone00grasgoog_0052.png"; bbox 0 0 4970 6352; ppageno 0'>
   <div class='ocr_carea' id='block_1_1' title="bbox 653 558 1531 625">
    <p class='ocr_par' dir='ltr' id='par_1_1' title="bbox 653 558 1531 625">
     <span class='ocr_line' id='line_1_1' title="bbox 653 558 1531 625; baseline 0.001 -1"><span class='ocrx_word' id='word_1_1' title='bbox 653 558 697 624; x_wconf 81' lang='lat'><strong>36</strong></span> <span class='ocrx_word' id='word_1_2' title='bbox 1202 575 1325 624; x_wconf 78' lang='lat' dir='ltr'><strong>rlnrnn</strong></span> <span class='ocrx_word' id='word_1_3' title='bbox 1347 579 1393 624; x_wconf 81' lang='lat' dir='ltr'><strong>nr</strong></span> <span class='ocrx_word' id='word_1_4' title='bbox 1416 578 1531 625; x_wconf 74' lang='lat' dir='ltr'><strong>casser</strong></span> 
     </span>
    </p>
   </div>
   <div class='ocr_carea' id='block_1_2' title="bbox 653 802 2087 2186">
    <p class='ocr_par' dir='ltr' id='par_1_2' title="bbox 653 802 2087 2186">
     <span class='ocr_line' id='line_1_2' title="bbox 653 802 2086 901; baseline 0.001 -24"><span class='ocrx_word' id='word_1_5' title='bbox 653 803 745 880; x_wconf 79' lang='lat' dir='ltr'><strong>Fuit</strong></span> <span class='ocrx_word' id='word_1_6' title='bbox 770 803 832 878; x_wconf 90' lang='lat' dir='ltr'><strong>hic</strong></span> <span class='ocrx_word' id='word_1_7' title='bbox 859 803 972 878; x_wconf 91' lang='lat' dir='ltr'><strong>homo</strong></span> <span class='ocrx_word' id='word_1_8' title='bbox 1000 804 1131 900; x_wconf 90' lang='lat' dir='ltr'><strong>magni</strong></span> <span class='ocrx_word' id='word_1_9' title='bbox 1159 803 1289 893; x_wconf 88' lang='lat' dir='ltr'><strong>animi,</strong></span> <span class='ocrx_word' id='word_1_10' title='bbox 1318 802 1410 878; x_wconf 89' lang='lat' dir='ltr'><strong>lieet</strong></span> <span class='ocrx_word' id='word_1_11' title='bbox 1436 825 1583 901; x_wconf 90' lang='lat' dir='ltr'><strong>semper</strong></span> <span class='ocrx_word' id='word_1_12' title='bbox 1618 804 1746 901; x_wconf 90' lang='lat' dir='ltr'><strong>potius</strong></span> <span class='ocrx_word' id='word_1_13' title='bbox 1784 805 2020 900; x_wconf 87' lang='lat' dir='ltr'><strong>gallicizaret</strong></span> <span class='ocrx_word' id='word_1_14' title='bbox 2046 806 2086 880; x_wconf 94' lang='lat' dir='ltr'><strong>et</strong></span> 
     </span>
     <span class='ocr_line' id='line_1_3' title="bbox 653 935 2084 1044; baseline -0.001 -21"><span class='ocrx_word' id='word_1_15' title='bbox 653 948 729 1023; x_wconf 83' lang='lat' dir='ltr'><strong>luit</strong></span> <span class='ocrx_word' id='word_1_16' title='bbox 756 946 945 1021; x_wconf 84' lang='lat' dir='ltr'><strong>maximae</strong></span> <span class='ocrx_word' id='word_1_17' title='bbox 955 935 1145 1037; x_wconf 79' lang='lat' dir='ltr'><strong>staturae,</strong></span> <span class='ocrx_word' id='word_1_18' title='bbox 1161 949 1208 1020; x_wconf 88' lang='lat' dir='ltr'><strong>ut</strong></span> <span class='ocrx_word' id='word_1_19' title='bbox 1234 945 1299 1021; x_wconf 88' lang='lat' dir='ltr'><strong>vix</strong></span> <span class='ocrx_word' id='word_1_20' title='bbox 1326 946 1431 1020; x_wconf 85' lang='lat' dir='ltr'><strong>intra</strong></span> <span class='ocrx_word' id='word_1_21' title='bbox 1448 945 1642 1022; x_wconf 80' lang='lat' dir='ltr'><strong>libitinam</strong></span> <span class='ocrx_word' id='word_1_22' title='bbox 1661 951 1871 1044; x_wconf 89' lang='lat' dir='ltr'><strong>caperetur,</strong></span> <span class='ocrx_word' id='word_1_23' title='bbox 1890 949 1931 1022; x_wconf 91' lang='lat' dir='ltr'><strong>et</strong></span> <span class='ocrx_word' id='word_1_24' title='bbox 1949 946 2084 1022; x_wconf 86' lang='lat' dir='ltr'><strong>babuit</strong></span> 
     </span>
     <span class='ocr_line' id='line_1_4' title="bbox 654 1086 2084 1184; baseline -0.003 -19"><span class='ocrx_word' id='word_1_25' title='bbox 654 1091 797 1165; x_wconf 89' lang='lat' dir='ltr'><strong>multos</strong></span> <span class='ocrx_word' id='word_1_26' title='bbox 823 1089 996 1165; x_wconf 82' lang='lat' dir='ltr'><strong>redditus</strong></span> <span class='ocrx_word' id='word_1_27' title='bbox 1023 1090 1063 1162; x_wconf 93' lang='lat' dir='ltr'><strong>in</strong></span> <span class='ocrx_word' id='word_1_28' title='bbox 1090 1088 1280 1164; x_wconf 85' lang='lat' dir='ltr'><strong>beneflciis</strong></span> <span class='ocrx_word' id='word_1_29' title='bbox 1306 1088 1406 1162; x_wconf 87' lang='lat' dir='ltr'><strong>circa</strong></span> <span class='ocrx_word' id='word_1_30' title='bbox 1433 1086 1571 1184; x_wconf 87' lang='lat' dir='ltr'><strong>viginti</strong></span> <span class='ocrx_word' id='word_1_31' title='bbox 1599 1111 1664 1163; x_wconf 83' lang='lat' dir='ltr'><strong>sex</strong></span> <span class='ocrx_word' id='word_1_32' title='bbox 1691 1089 1812 1162; x_wconf 87' lang='lat' dir='ltr'><strong>millia</strong></span> <span class='ocrx_word' id='word_1_33' title='bbox 1844 1088 2084 1179; x_wconf 79' lang='lat' dir='ltr'><strong>ducatorum,</strong></span> 
     </span>
     <span class='ocr_line' id='line_1_5' title="bbox 655 1230 2086 1321; baseline -0.002 -15"><span class='ocrx_word' id='word_1_34' title='bbox 655 1233 721 1308; x_wconf 87' lang='lat' dir='ltr'><strong>sed</strong></span> <span class='ocrx_word' id='word_1_35' title='bbox 749 1235 884 1306; x_wconf 87' lang='lat' dir='ltr'><strong>tantae</strong></span> <span class='ocrx_word' id='word_1_36' title='bbox 911 1230 1167 1321; x_wconf 78' lang='lat' dir='ltr'><strong>liberalitatis,</strong></span> <span class='ocrx_word' id='word_1_37' title='bbox 1197 1233 1347 1304; x_wconf 89' lang='lat' dir='ltr'><strong>utnon</strong></span> <span class='ocrx_word' id='word_1_38' title='bbox 1377 1230 1500 1304; x_wconf 89' lang='lat' dir='ltr'><strong>solum</strong></span> <span class='ocrx_word' id='word_1_39' title='bbox 1537 1230 1709 1305; x_wconf 89' lang='lat' dir='ltr'><strong>redditus</strong></span> <span class='ocrx_word' id='word_1_40' title='bbox 1745 1231 1795 1304; x_wconf 90' lang='lat' dir='ltr'><strong>ad</strong></span> <span class='ocrx_word' id='word_1_41' title='bbox 1830 1231 1976 1305; x_wconf 87' lang='lat' dir='ltr'><strong>victum</strong></span> <span class='ocrx_word' id='word_1_42' title='bbox 2013 1230 2086 1303; x_wconf 90' lang='lat' dir='ltr'><strong>sibi</strong></span> 
     </span>
     <span class='ocr_line' id='line_1_6' title="bbox 657 1371 2085 1470; baseline -0.006 -20"><span class='ocrx_word' id='word_1_43' title='bbox 657 1375 889 1466; x_wconf 81' lang='lat' dir='ltr'><strong>sufficerent,</strong></span> <span class='ocrx_word' id='word_1_44' title='bbox 917 1375 981 1448; x_wconf 89' lang='lat' dir='ltr'><strong>sed</strong></span> <span class='ocrx_word' id='word_1_45' title='bbox 1009 1395 1157 1470; x_wconf 89' lang='lat' dir='ltr'><strong>semper</strong></span> <span class='ocrx_word' id='word_1_46' title='bbox 1184 1373 1269 1446; x_wconf 89' lang='lat' dir='ltr'><strong>erat</strong></span> <span class='ocrx_word' id='word_1_47' title='bbox 1296 1372 1447 1445; x_wconf 87' lang='lat' dir='ltr'><strong>debitor</strong></span> <span class='ocrx_word' id='word_1_48' title='bbox 1466 1374 1503 1445; x_wconf 87' lang='lat' dir='ltr'><strong>in</strong></span> <span class='ocrx_word' id='word_1_49' title='bbox 1524 1371 1699 1445; x_wconf 84' lang='lat' dir='ltr'><strong>maximis</strong></span> <span class='ocrx_word' id='word_1_50' title='bbox 1718 1371 1963 1466; x_wconf 80' lang='lat' dir='ltr'><strong>pecuniarum</strong></span> <span class='ocrx_word' id='word_1_51' title='bbox 1983 1393 2085 1443; x_wconf 87' lang='lat' dir='ltr'><strong>sum-</strong></span> 
     </span>
     <span class='ocr_line' id='line_1_7' title="bbox 655 1501 2087 1606; baseline -0.001 -18"><span class='ocrx_word' id='word_1_52' title='bbox 655 1515 741 1606; x_wconf 85' lang='lat' dir='ltr'><strong>mis,</strong></span> <span class='ocrx_word' id='word_1_53' title='bbox 769 1517 810 1589; x_wconf 93' lang='lat' dir='ltr'><strong>et</strong></span> <span class='ocrx_word' id='word_1_54' title='bbox 837 1515 1016 1590; x_wconf 85' lang='lat' dir='ltr'><strong>inventus</strong></span> <span class='ocrx_word' id='word_1_55' title='bbox 1044 1516 1104 1589; x_wconf 88' lang='lat' dir='ltr'><strong>est</strong></span> <span class='ocrx_word' id='word_1_56' title='bbox 1130 1535 1232 1587; x_wconf 88' lang='lat' dir='ltr'><strong>nunc</strong></span> <span class='ocrx_word' id='word_1_57' title='bbox 1258 1512 1298 1585; x_wconf 95' lang='lat' dir='ltr'><strong>in</strong></span> <span class='ocrx_word' id='word_1_58' title='bbox 1325 1501 1449 1587; x_wconf 85' lang='lat' dir='ltr'><strong>morte</strong></span> <span class='ocrx_word' id='word_1_59' title='bbox 1482 1535 1552 1586; x_wconf 87' lang='lat' dir='ltr'><strong>sua</strong></span> <span class='ocrx_word' id='word_1_60' title='bbox 1589 1513 1825 1589; x_wconf 85' lang='lat' dir='ltr'><strong>diversorum</strong></span> <span class='ocrx_word' id='word_1_61' title='bbox 1851 1505 2012 1587; x_wconf 87' lang='lat' dir='ltr'><strong>&#39;debitor</strong></span> <span class='ocrx_word' id='word_1_62' title='bbox 2046 1510 2087 1586; x_wconf 86' lang='lat' dir='ltr'><strong>in</strong></span> 
     </span>
     <span class='ocr_line' id='line_1_8' title="bbox 657 1625 2086 1753; baseline -0.001 -23"><span class='ocrx_word' id='word_1_63' title='bbox 657 1625 808 1730; x_wconf 83' lang='lat' dir='ltr'><strong>summa</strong></span> <span class='ocrx_word' id='word_1_64' title='bbox 835 1654 977 1752; x_wconf 84' lang='lat' dir='ltr'><strong>viginti</strong></span> <span class='ocrx_word' id='word_1_65' title='bbox 1005 1657 1150 1753; x_wconf 90' lang='lat' dir='ltr'><strong>septem</strong></span> <span class='ocrx_word' id='word_1_66' title='bbox 1178 1654 1342 1729; x_wconf 90' lang='lat' dir='ltr'><strong>millium</strong></span> <span class='ocrx_word' id='word_1_67' title='bbox 1373 1655 1611 1748; x_wconf 85' lang='lat' dir='ltr'><strong>ducatorum,</strong></span> <span class='ocrx_word' id='word_1_68' title='bbox 1631 1658 1672 1731; x_wconf 90' lang='lat' dir='ltr'><strong>et</strong></span> <span class='ocrx_word' id='word_1_69' title='bbox 1699 1654 1776 1729; x_wconf 83' lang='lat' dir='ltr'><strong>suit</strong></span> <span class='ocrx_word' id='word_1_70' title='bbox 1801 1658 2004 1751; x_wconf 87' lang='lat' dir='ltr'><strong>propterea</strong></span> <span class='ocrx_word' id='word_1_71' title='bbox 2021 1675 2086 1729; x_wconf 90' lang='lat' dir='ltr'><strong>ne·</strong></span> 
     </span>
     <span class='ocr_line' id='line_1_9' title="bbox 656 1795 2086 1894; baseline -0.001 -22"><span class='ocrx_word' id='word_1_72' title='bbox 656 1819 756 1873; x_wconf 84' lang='lat' dir='ltr'><strong>cesse</strong></span> <span class='ocrx_word' id='word_1_73' title='bbox 783 1802 830 1871; x_wconf 91' lang='lat' dir='ltr'><strong>ut</strong></span> <span class='ocrx_word' id='word_1_74' title='bbox 858 1797 963 1892; x_wconf 87' lang='lat' dir='ltr'><strong>Papa</strong></span> <span class='ocrx_word' id='word_1_75' title='bbox 990 1795 1230 1894; x_wconf 85' lang='lat' dir='ltr'><strong>consignaret</strong></span> <span class='ocrx_word' id='word_1_76' title='bbox 1257 1797 1508 1874; x_wconf 89' lang='lat' dir='ltr'><strong>creditoribus</strong></span> <span class='ocrx_word' id='word_1_77' title='bbox 1534 1798 1705 1874; x_wconf 86' lang='lat' dir='ltr'><strong>redditus</strong></span> <span class='ocrx_word' id='word_1_78' title='bbox 1742 1797 2008 1873; x_wconf 85' lang='lat' dir='ltr'><strong>beneficiorum</strong></span> <span class='ocrx_word' id='word_1_79' title='bbox 2038 1796 2086 1871; x_wconf 86' lang='lat' dir='ltr'><strong>ad</strong></span> 
     </span>
     <span class='ocr_line' id='line_1_10' title="bbox 658 1938 2086 2039; baseline 0.001 -25"><span class='ocrx_word' id='word_1_80' title='bbox 658 1940 864 2015; x_wconf 83' lang='lat' dir='ltr'><strong>biennium.</strong></span> <span class='ocrx_word' id='word_1_81' title='bbox 894 1938 1074 2036; x_wconf 77' lang='lat' dir='ltr'><strong>Sepultus</strong></span> <span class='ocrx_word' id='word_1_82' title='bbox 1109 1943 1168 2016; x_wconf 88' lang='lat' dir='ltr'><strong>est</strong></span> <span class='ocrx_word' id='word_1_83' title='bbox 1195 1942 1235 2016; x_wconf 92' lang='lat' dir='ltr'><strong>in</strong></span> <span class='ocrx_word' id='word_1_84' title='bbox 1262 1942 1420 2018; x_wconf 88' lang='lat' dir='ltr'><strong>ecclesia</strong></span> <span class='ocrx_word' id='word_1_85' title='bbox 1461 1943 1507 2017; x_wconf 93' lang='lat' dir='ltr'><strong>do</strong></span> <span class='ocrx_word' id='word_1_86' title='bbox 1547 1943 1723 2018; x_wconf 83' lang='lat' dir='ltr'><strong>Aracoeli</strong></span> <span class='ocrx_word' id='word_1_87' title='bbox 1757 1943 1806 2018; x_wconf 86' lang='lat' dir='ltr'><strong>ad</strong></span> <span class='ocrx_word' id='word_1_88' title='bbox 1843 1965 1959 2039; x_wconf 88' lang='lat' dir='ltr'><strong>quam</strong></span> <span class='ocrx_word' id='word_1_89' title='bbox 1995 1942 2086 2016; x_wconf 90' lang='lat' dir='ltr'><strong>dum</strong></span> 
     </span>
     <span class='ocr_line' id='line_1_11' title="bbox 655 2081 2087 2186; baseline 0.003 -31"><span class='ocrx_word' id='word_1_90' title='bbox 655 2081 983 2186; x_wconf 83' lang='lat' dir='ltr'><strong>fe1·ebatur,visus</strong></span> <span class='ocrx_word' id='word_1_91' title='bbox 1009 2084 1069 2158; x_wconf 87' lang='lat' dir='ltr'><strong>est</strong></span> <span class='ocrx_word' id='word_1_92' title='bbox 1095 2083 1258 2181; x_wconf 91' lang='lat' dir='ltr'><strong>populus</strong></span> <span class='ocrx_word' id='word_1_93' title='bbox 1287 2082 1617 2180; x_wconf 81' lang='lat' dir='ltr'><strong>frequentissimus</strong></span> <span class='ocrx_word' id='word_1_94' title='bbox 1645 2107 1839 2161; x_wconf 88' lang='lat' dir='ltr'><strong>accurrere</strong></span> <span class='ocrx_word' id='word_1_95' title='bbox 1867 2107 1935 2182; x_wconf 92' lang='lat' dir='ltr'><strong>per</strong></span> <span class='ocrx_word' id='word_1_96' title='bbox 1957 2105 2087 2159; x_wconf 90' lang='lat' dir='ltr'><strong>omnes</strong></span> 
     </span>
    </p>
   </div>
   <div class='ocr_carea' id='block_1_3' title="bbox 655 2224 2087 2466">
    <p class='ocr_par' dir='ltr' id='par_1_3' title="bbox 655 2224 2087 2466">
     <span class='ocr_line' id='line_1_12' title="bbox 655 2224 2087 2324; baseline -0.001 -22"><span class='ocrx_word' id='word_1_97' title='bbox 655 2226 749 2318; x_wconf 87' lang='lat' dir='ltr'><strong>vias,</strong></span> <span class='ocrx_word' id='word_1_98' title='bbox 770 2229 811 2302; x_wconf 91' lang='lat' dir='ltr'><strong>et</strong></span> <span class='ocrx_word' id='word_1_99' title='bbox 830 2226 870 2300; x_wconf 92' lang='lat' dir='ltr'><strong>in</strong></span> <span class='ocrx_word' id='word_1_100' title='bbox 885 2224 1041 2300; x_wconf 87' lang='lat' dir='ltr'><strong>aedibus</strong></span> <span class='ocrx_word' id='word_1_101' title='bbox 1055 2226 1133 2301; x_wconf 88' lang='lat' dir='ltr'><strong>suis</strong></span> <span class='ocrx_word' id='word_1_102' title='bbox 1147 2226 1239 2300; x_wconf 89' lang='lat' dir='ltr'><strong>dum</strong></span> <span class='ocrx_word' id='word_1_103' title='bbox 1253 2227 1406 2324; x_wconf 88' lang='lat' dir='ltr'><strong>vigiliae</strong></span> <span class='ocrx_word' id='word_1_104' title='bbox 1421 2231 1682 2321; x_wconf 86' lang='lat' dir='ltr'><strong>cantarentur,</strong></span> <span class='ocrx_word' id='word_1_105' title='bbox 1702 2229 1826 2324; x_wconf 88' lang='lat' dir='ltr'><strong>major</strong></span> <span class='ocrx_word' id='word_1_106' title='bbox 1843 2231 1929 2304; x_wconf 86' lang='lat' dir='ltr'><strong>erat</strong></span> <span class='ocrx_word' id='word_1_107' title='bbox 1946 2227 2087 2304; x_wconf 87' lang='lat' dir='ltr'><strong>stridor</strong></span> 
     </span>
     <span class='ocr_line' id='line_1_13' title="bbox 655 2369 1582 2466; baseline -0.002 -23"><span class='ocrx_word' id='word_1_108' title='bbox 655 2369 785 2466; x_wconf 92' lang='lat' dir='ltr'><strong>populi</strong></span> <span class='ocrx_word' id='word_1_109' title='bbox 813 2369 1013 2465; x_wconf 87' lang='lat' dir='ltr'><strong>plorantis,</strong></span> <span class='ocrx_word' id='word_1_110' title='bbox 1042 2392 1158 2465; x_wconf 90' lang='lat' dir='ltr'><strong>quam</strong></span> <span class='ocrx_word' id='word_1_111' title='bbox 1186 2370 1276 2446; x_wconf 90' lang='lat' dir='ltr'><strong>cleri</strong></span> <span class='ocrx_word' id='word_1_112' title='bbox 1303 2370 1582 2446; x_wconf 86' lang='lat' dir='ltr'><strong>decantantis..</strong></span> 
     </span>
    </p>
   </div>
   <div class='ocr_carea' id='block_1_4' title="bbox 584 2647 2086 4179">
    <p class='ocr_par' dir='ltr' id='par_1_4' title="bbox 584 2647 2086 4179">
     <span class='ocr_line' id='line_1_14' title="bbox 758 2647 2086 2748; baseline 0.005 -28"><span class='ocrx_word' id='word_1_113' title='bbox 758 2647 901 2720; x_wconf 84' lang='lat' dir='ltr'><strong>Diebus</strong></span> <span class='ocrx_word' id='word_1_114' title='bbox 929 2647 1012 2722; x_wconf 89' lang='lat' dir='ltr'><strong>istis</strong></span> <span class='ocrx_word' id='word_1_115' title='bbox 1045 2647 1345 2742; x_wconf 85' lang='lat' dir='ltr'><strong>decurrentibus,</strong></span> <span class='ocrx_word' id='word_1_116' title='bbox 1382 2652 1528 2726; x_wconf 88' lang='lat' dir='ltr'><strong>multus</strong></span> <span class='ocrx_word' id='word_1_117' title='bbox 1555 2652 1632 2726; x_wconf 88' lang='lat' dir='ltr'><strong>fuit</strong></span> <span class='ocrx_word' id='word_1_118' title='bbox 1671 2674 1803 2727; x_wconf 90' lang='lat' dir='ltr'><strong>rumor</strong></span> <span class='ocrx_word' id='word_1_119' title='bbox 1835 2651 1882 2726; x_wconf 89' lang='lat' dir='ltr'><strong>de</strong></span> <span class='ocrx_word' id='word_1_120' title='bbox 1908 2653 2018 2748; x_wconf 86' lang='lat' dir='ltr'><strong>gravi</strong></span> <span class='ocrx_word' id='word_1_121' title='bbox 2044 2657 2086 2727; x_wconf 90' lang='lat' dir='ltr'><strong>et</strong></span> 
     </span>
     <span class='ocr_line' id='line_1_15' title="bbox 653 2788 2086 2890; baseline 0.005 -29"><span class='ocrx_word' id='word_1_122' title='bbox 653 2789 753 2863; x_wconf 89' lang='lat' dir='ltr'><strong>forte</strong></span> <span class='ocrx_word' id='word_1_123' title='bbox 780 2788 985 2862; x_wconf 86' lang='lat' dir='ltr'><strong>insanabili</strong></span> <span class='ocrx_word' id='word_1_124' title='bbox 1012 2790 1139 2887; x_wconf 83' lang='lat' dir='ltr'><strong>Papae</strong></span> <span class='ocrx_word' id='word_1_125' title='bbox 1176 2791 1400 2867; x_wconf 87' lang='lat' dir='ltr'><strong>infirmitate</strong></span> <span class='ocrx_word' id='word_1_126' title='bbox 1433 2793 1599 2869; x_wconf 83' lang='lat' dir='ltr'><strong>maxime</strong></span> <span class='ocrx_word' id='word_1_127' title='bbox 1634 2795 1790 2890; x_wconf 88' lang='lat' dir='ltr'><strong>propter</strong></span> <span class='ocrx_word' id='word_1_128' title='bbox 1827 2793 1950 2867; x_wconf 89' lang='lat' dir='ltr'><strong>lebres</strong></span> <span class='ocrx_word' id='word_1_129' title='bbox 1987 2815 2086 2889; x_wconf 88' lang='lat' dir='ltr'><strong>quae</strong></span> 
     </span>
     <span class='ocr_line' id='line_1_16' title="bbox 653 2930 2085 3031; baseline 0.002 -28"><span class='ocrx_word' id='word_1_130' title='bbox 653 2933 789 3005; x_wconf 85' lang='lat' dir='ltr'><strong>acutae</strong></span> <span class='ocrx_word' id='word_1_131' title='bbox 817 2930 1007 3024; x_wconf 85' lang='lat' dir='ltr'><strong>dicuntur,</strong></span> <span class='ocrx_word' id='word_1_132' title='bbox 1024 2931 1119 3008; x_wconf 90' lang='lat' dir='ltr'><strong>adeo</strong></span> <span class='ocrx_word' id='word_1_133' title='bbox 1147 2935 1193 3007; x_wconf 93' lang='lat' dir='ltr'><strong>ut</strong></span> <span class='ocrx_word' id='word_1_134' title='bbox 1220 2935 1454 3028; x_wconf 84' lang='lat' dir='ltr'><strong>cogitaretur</strong></span> <span class='ocrx_word' id='word_1_135' title='bbox 1482 2935 1529 3010; x_wconf 91' lang='lat' dir='ltr'><strong>de</strong></span> <span class='ocrx_word' id='word_1_136' title='bbox 1557 2935 1604 3009; x_wconf 91' lang='lat' dir='ltr'><strong>iis</strong></span> <span class='ocrx_word' id='word_1_137' title='bbox 1623 2934 1800 3030; x_wconf 86' lang='lat' dir='ltr'><strong>parandis</strong></span> <span class='ocrx_word' id='word_1_138' title='bbox 1818 2955 1917 3031; x_wconf 87' lang='lat' dir='ltr'><strong>quae</strong></span> <span class='ocrx_word' id='word_1_139' title='bbox 1931 2933 1978 3008; x_wconf 86' lang='lat' dir='ltr'><strong>ed</strong></span> <span class='ocrx_word' id='word_1_140' title='bbox 1997 2955 2085 3008; x_wconf 89' lang='lat' dir='ltr'><strong>con·</strong></span> 
     </span>
     <span class='ocr_line' id='line_1_17' title="bbox 651 3072 2085 3174; baseline 0.003 -28"><span class='ocrx_word' id='word_1_141' title='bbox 651 3072 758 3147; x_wconf 85' lang='lat' dir='ltr'><strong>clare</strong></span> <span class='ocrx_word' id='word_1_142' title='bbox 785 3078 940 3169; x_wconf 84' lang='lat' dir='ltr'><strong>possent</strong></span> <span class='ocrx_word' id='word_1_143' title='bbox 967 3076 1168 3170; x_wconf 87' lang='lat' dir='ltr'><strong>pertinere.</strong></span> <span class='ocrx_word' id='word_1_144' title='bbox 1198 3075 1283 3171; x_wconf 92' lang='lat' dir='ltr'><strong>Ipse</strong></span> <span class='ocrx_word' id='word_1_145' title='bbox 1312 3076 1417 3172; x_wconf 86' lang='lat' dir='ltr'><strong>Papa</strong></span> <span class='ocrx_word' id='word_1_146' title='bbox 1444 3078 1556 3152; x_wconf 88' lang='lat' dir='ltr'><strong>valde</strong></span> <span class='ocrx_word' id='word_1_147' title='bbox 1584 3079 1630 3153; x_wconf 91' lang='lat' dir='ltr'><strong>de</strong></span> <span class='ocrx_word' id='word_1_148' title='bbox 1658 3100 1698 3151; x_wconf 90' lang='lat' dir='ltr'><strong>se</strong></span> <span class='ocrx_word' id='word_1_149' title='bbox 1726 3077 1901 3168; x_wconf 88' lang='lat' dir='ltr'><strong>timebat,</strong></span> <span class='ocrx_word' id='word_1_150' title='bbox 1917 3083 2085 3174; x_wconf 85' lang='lat' dir='ltr'><strong>praeser-</strong></span> 
     </span>
     <span class='ocr_line' id='line_1_18' title="bbox 651 3215 2086 3315; baseline 0.003 -27"><span class='ocrx_word' id='word_1_151' title='bbox 651 3215 721 3289; x_wconf 91' lang='lat' dir='ltr'><strong>tim</strong></span> <span class='ocrx_word' id='word_1_152' title='bbox 752 3237 837 3289; x_wconf 88' lang='lat' dir='ltr'><strong>cum</strong></span> <span class='ocrx_word' id='word_1_153' title='bbox 866 3215 1022 3311; x_wconf 90' lang='lat' dir='ltr'><strong>quidam</strong></span> <span class='ocrx_word' id='word_1_154' title='bbox 1050 3217 1170 3292; x_wconf 86' lang='lat' dir='ltr'><strong>frater</strong></span> <span class='ocrx_word' id='word_1_155' title='bbox 1197 3217 1470 3293; x_wconf 84' lang='lat' dir='ltr'><strong>Beneventum</strong></span> <span class='ocrx_word' id='word_1_156' title='bbox 1498 3218 1563 3314; x_wconf 90' lang='lat' dir='ltr'><strong>qui</strong></span> <span class='ocrx_word' id='word_1_157' title='bbox 1591 3217 1846 3315; x_wconf 84' lang='lat' dir='ltr'><strong>profitebatur</strong></span> <span class='ocrx_word' id='word_1_158' title='bbox 1873 3238 1913 3292; x_wconf 92' lang='lat' dir='ltr'><strong>se</strong></span> <span class='ocrx_word' id='word_1_159' title='bbox 1946 3217 2086 3293; x_wconf 87' lang='lat' dir='ltr'><strong>habere</strong></span> 
     </span>
     <span class='ocr_line' id='line_1_19' title="bbox 584 3359 2086 3458; baseline -0.001 -20"><span class='ocrx_word' id='word_1_160' title='bbox 584 3429 587 3438; x_wconf 86' lang='lat'><strong>.</strong></span> <span class='ocrx_word' id='word_1_161' title='bbox 651 3359 915 3457; x_wconf 86' lang='lat' dir='ltr'><strong>propheticum</strong></span> <span class='ocrx_word' id='word_1_162' title='bbox 943 3361 1133 3458; x_wconf 87' lang='lat' dir='ltr'><strong>spiritum,</strong></span> <span class='ocrx_word' id='word_1_163' title='bbox 1162 3363 1243 3437; x_wconf 90' lang='lat' dir='ltr'><strong>sino</strong></span> <span class='ocrx_word' id='word_1_164' title='bbox 1272 3362 1351 3436; x_wconf 89' lang='lat' dir='ltr'><strong>ulla</strong></span> <span class='ocrx_word' id='word_1_165' title='bbox 1378 3361 1632 3437; x_wconf 84' lang='lat' dir='ltr'><strong>haesitatione</strong></span> <span class='ocrx_word' id='word_1_166' title='bbox 1652 3361 1904 3437; x_wconf 79' lang='lat' dir='ltr'><strong>annrrntiaret</strong></span> <span class='ocrx_word' id='word_1_167' title='bbox 1922 3365 2086 3437; x_wconf 89' lang='lat' dir='ltr'><strong>mortem</strong></span> 
     </span>
     <span class='ocr_line' id='line_1_20' title="bbox 651 3503 2085 3602; baseline 0.003 -26"><span class='ocrx_word' id='word_1_168' title='bbox 651 3503 848 3578; x_wconf 87' lang='lat' dir='ltr'><strong>Pontificis</strong></span> <span class='ocrx_word' id='word_1_169' title='bbox 887 3506 1058 3601; x_wconf 88' lang='lat' dir='ltr'><strong>proxime</strong></span> <span class='ocrx_word' id='word_1_170' title='bbox 1100 3508 1338 3583; x_wconf 84' lang='lat' dir='ltr'><strong>eventuram.</strong></span> <span class='ocrx_word' id='word_1_171' title='bbox 1368 3505 1510 3580; x_wconf 87' lang='lat' dir='ltr'><strong>Verum</strong></span> <span class='ocrx_word' id='word_1_172' title='bbox 1539 3505 1754 3602; x_wconf 85' lang='lat' dir='ltr'><strong>praedictus</strong></span> <span class='ocrx_word' id='word_1_173' title='bbox 1787 3504 1922 3580; x_wconf 82' lang='lat' dir='ltr'><strong>Frater</strong></span> <span class='ocrx_word' id='word_1_174' title='bbox 1948 3508 2085 3601; x_wconf 89' lang='lat' dir='ltr'><strong>utpote</strong></span> 
     </span>
     <span class='ocr_line' id='line_1_21' title="bbox 651 3648 2085 3747; baseline 0.001 -25"><span class='ocrx_word' id='word_1_175' title='bbox 651 3649 770 3724; x_wconf 85' lang='lat' dir='ltr'><strong>falsus</strong></span> <span class='ocrx_word' id='word_1_176' title='bbox 798 3650 984 3746; x_wconf 86' lang='lat' dir='ltr'><strong>propheta</strong></span> <span class='ocrx_word' id='word_1_177' title='bbox 1012 3651 1050 3724; x_wconf 91' lang='lat' dir='ltr'><strong>in</strong></span> <span class='ocrx_word' id='word_1_178' title='bbox 1079 3672 1267 3726; x_wconf 78' lang='lat' dir='ltr'><strong>currerem</strong></span> <span class='ocrx_word' id='word_1_179' title='bbox 1295 3651 1489 3746; x_wconf 86' lang='lat' dir='ltr'><strong>conjectus</strong></span> <span class='ocrx_word' id='word_1_180' title='bbox 1509 3650 1596 3727; x_wconf 84' lang='lat' dir='ltr'><strong>luit.</strong></span> <span class='ocrx_word' id='word_1_181' title='bbox 1625 3651 1732 3747; x_wconf 81' lang='lat' dir='ltr'><strong>Papa</strong></span> <span class='ocrx_word' id='word_1_182' title='bbox 1755 3648 2085 3740; x_wconf 86' lang='lat' dir='ltr'><strong>autem,se11itete</strong></span> 
     </span>
     <span class='ocr_line' id='line_1_22' title="bbox 653 3793 2084 3892; baseline 0 -27"><span class='ocrx_word' id='word_1_183' title='bbox 653 3795 891 3889; x_wconf 87' lang='lat' dir='ltr'><strong>recuperata,</strong></span> <span class='ocrx_word' id='word_1_184' title='bbox 912 3793 973 3868; x_wconf 89' lang='lat' dir='ltr'><strong>die</strong></span> <span class='ocrx_word' id='word_1_185' title='bbox 1000 3795 1116 3870; x_wconf 90' lang='lat' dir='ltr'><strong>lunae</strong></span> <span class='ocrx_word' id='word_1_186' title='bbox 1143 3795 1430 3871; x_wconf 84' lang='lat' dir='ltr'><strong>deeimaoctava</strong></span> <span class='ocrx_word' id='word_1_187' title='bbox 1457 3795 1599 3870; x_wconf 90' lang='lat' dir='ltr'><strong>mensis</strong></span> <span class='ocrx_word' id='word_1_188' title='bbox 1627 3795 1782 3892; x_wconf 83' lang='lat' dir='ltr'><strong>augusti</strong></span> <span class='ocrx_word' id='word_1_189' title='bbox 1810 3794 1937 3868; x_wconf 85' lang='lat' dir='ltr'><strong>tenuit</strong></span> <span class='ocrx_word' id='word_1_190' title='bbox 1964 3793 2084 3868; x_wconf 91' lang='lat' dir='ltr'><strong>consi·</strong></span> 
     </span>
     <span class='ocr_line' id='line_1_23' title="bbox 651 3932 2083 4033; baseline -0.001 -25"><span class='ocrx_word' id='word_1_191' title='bbox 651 3934 825 4028; x_wconf 90' lang='lat' dir='ltr'><strong>storium,</strong></span> <span class='ocrx_word' id='word_1_192' title='bbox 862 3940 1109 4033; x_wconf 81' lang='lat' dir='ltr'><strong>assequenti</strong></span> <span class='ocrx_word' id='word_1_193' title='bbox 1137 3938 1198 4014; x_wconf 89' lang='lat' dir='ltr'><strong>die</strong></span> <span class='ocrx_word' id='word_1_194' title='bbox 1224 3939 1299 4016; x_wconf 90' lang='lat' dir='ltr'><strong>ivit</strong></span> <span class='ocrx_word' id='word_1_195' title='bbox 1326 3940 1374 4012; x_wconf 87' lang='lat' dir='ltr'><strong>ed</strong></span> <span class='ocrx_word' id='word_1_196' title='bbox 1402 3939 1598 4015; x_wconf 88' lang='lat' dir='ltr'><strong>ecclesiam</strong></span> <span class='ocrx_word' id='word_1_197' title='bbox 1626 3960 1656 4013; x_wconf 88' lang='lat' dir='ltr'><strong>s.</strong></span> <span class='ocrx_word' id='word_1_198' title='bbox 1684 3937 1829 4013; x_wconf 85' lang='lat' dir='ltr'><strong>Mariae</strong></span> <span class='ocrx_word' id='word_1_199' title='bbox 1856 3933 1903 4010; x_wconf 90' lang='lat' dir='ltr'><strong>de</strong></span> <span class='ocrx_word' id='word_1_200' title='bbox 1930 3932 2083 4032; x_wconf 93' lang='lat' dir='ltr'><strong>populo,</strong></span> 
     </span>
     <span class='ocr_line' id='line_1_24' title="bbox 653 4049 1550 4179; baseline 0.006 -27"><span class='ocrx_word' id='word_1_201' title='bbox 653 4078 720 4152; x_wconf 94' lang='lat' dir='ltr'><strong>ubi</strong></span> <span class='ocrx_word' id='word_1_202' title='bbox 747 4078 899 4157; x_wconf 84' lang='lat' dir='ltr'><strong>audivit</strong></span> <span class='ocrx_word' id='word_1_203' title='bbox 925 4079 1081 4154; x_wconf 86' lang='lat' dir='ltr'><strong>missam</strong></span> <span class='ocrx_word' id='word_1_204' title='bbox 1107 4085 1148 4156; x_wconf 88' lang='lat' dir='ltr'><strong>et</strong></span> <span class='ocrx_word' id='word_1_205' title='bbox 1175 4081 1321 4177; x_wconf 86' lang='lat' dir='ltr'><strong>gratias</strong></span> <span class='ocrx_word' id='word_1_206' title='bbox 1348 4083 1430 4179; x_wconf 88' lang='lat' dir='ltr'><strong>egit</strong></span> <span class='ocrx_word' id='word_1_207' title='bbox 1456 4049 1550 4157; x_wconf 86' lang='lat' dir='ltr'><strong>Deo.</strong></span> 
     </span>
    </p>
   </div>
   <div class='ocr_carea' id='block_1_5' title="bbox 650 4361 2084 5174">
    <p class='ocr_par' dir='ltr' id='par_1_5' title="bbox 650 4361 2084 5174">
     <span class='ocr_line' id='line_1_25' title="bbox 756 4361 2083 4462; baseline 0.002 -30"><span class='ocrx_word' id='word_1_208' title='bbox 756 4361 900 4435; x_wconf 82' lang='lat' dir='ltr'><strong>Eadem</strong></span> <span class='ocrx_word' id='word_1_209' title='bbox 913 4361 974 4435; x_wconf 88' lang='lat' dir='ltr'><strong>die</strong></span> <span class='ocrx_word' id='word_1_210' title='bbox 992 4361 1138 4436; x_wconf 89' lang='lat' dir='ltr'><strong>decime</strong></span> <span class='ocrx_word' id='word_1_211' title='bbox 1156 4366 1293 4440; x_wconf 85' lang='lat' dir='ltr'><strong>octava</strong></span> <span class='ocrx_word' id='word_1_212' title='bbox 1311 4367 1450 4442; x_wconf 89' lang='lat' dir='ltr'><strong>mensis</strong></span> <span class='ocrx_word' id='word_1_213' title='bbox 1477 4367 1632 4462; x_wconf 86' lang='lat' dir='ltr'><strong>augusti</strong></span> <span class='ocrx_word' id='word_1_214' title='bbox 1651 4369 1691 4440; x_wconf 86' lang='lat' dir='ltr'><strong>et</strong></span> <span class='ocrx_word' id='word_1_215' title='bbox 1710 4365 1846 4438; x_wconf 87' lang='lat' dir='ltr'><strong>eodem</strong></span> <span class='ocrx_word' id='word_1_216' title='bbox 1860 4361 2083 4437; x_wconf 87' lang='lat' dir='ltr'><strong>consistorio</strong></span> 
     </span>
     <span class='ocr_line' id='line_1_26' title="bbox 651 4494 2083 4598; baseline 0.001 -24"><span class='ocrx_word' id='word_1_217' title='bbox 651 4509 758 4576; x_wconf 78' lang='lat' dir='ltr'><strong>rmus</strong></span> <span class='ocrx_word' id='word_1_218' title='bbox 785 4500 821 4576; x_wconf 90' lang='lat' dir='ltr'><strong>d.</strong></span> <span class='ocrx_word' id='word_1_219' title='bbox 851 4494 952 4577; x_wconf 72' lang='lat' dir='ltr'><strong>oard&#39;.</strong></span> <span class='ocrx_word' id='word_1_220' title='bbox 983 4502 1199 4578; x_wconf 88' lang='lat' dir='ltr'><strong>Bernardus</strong></span> <span class='ocrx_word' id='word_1_221' title='bbox 1227 4505 1273 4580; x_wconf 88' lang='lat' dir='ltr'><strong>de</strong></span> <span class='ocrx_word' id='word_1_222' title='bbox 1301 4506 1466 4581; x_wconf 89' lang='lat' dir='ltr'><strong>Bibiena</strong></span> <span class='ocrx_word' id='word_1_223' title='bbox 1502 4507 1610 4581; x_wconf 89' lang='lat' dir='ltr'><strong>tituli</strong></span> <span class='ocrx_word' id='word_1_224' title='bbox 1637 4531 1665 4581; x_wconf 89' lang='lat' dir='ltr'><strong>s.</strong></span> <span class='ocrx_word' id='word_1_225' title='bbox 1694 4505 1838 4579; x_wconf 89' lang='lat' dir='ltr'><strong>Mariae</strong></span> <span class='ocrx_word' id='word_1_226' title='bbox 1871 4506 1908 4577; x_wconf 90' lang='lat' dir='ltr'><strong>iu</strong></span> <span class='ocrx_word' id='word_1_227' title='bbox 1937 4503 2083 4598; x_wconf 87' lang='lat' dir='ltr'><strong>porticu</strong></span> 
     </span>
     <span class='ocr_line' id='line_1_27' title="bbox 652 4645 2083 4744; baseline 0.002 -28"><span class='ocrx_word' id='word_1_228' title='bbox 652 4646 802 4719; x_wconf 83' lang='lat' dir='ltr'><strong>creatus</strong></span> <span class='ocrx_word' id='word_1_229' title='bbox 830 4646 890 4718; x_wconf 89' lang='lat' dir='ltr'><strong>est</strong></span> <span class='ocrx_word' id='word_1_230' title='bbox 917 4646 1067 4740; x_wconf 85' lang='lat' dir='ltr'><strong>legatus</strong></span> <span class='ocrx_word' id='word_1_231' title='bbox 1094 4647 1294 4742; x_wconf 88' lang='lat' dir='ltr'><strong>perusinus</strong></span> <span class='ocrx_word' id='word_1_232' title='bbox 1322 4671 1389 4744; x_wconf 91' lang='lat' dir='ltr'><strong>per</strong></span> <span class='ocrx_word' id='word_1_233' title='bbox 1417 4650 1624 4724; x_wconf 88' lang='lat' dir='ltr'><strong>cessionem</strong></span> <span class='ocrx_word' id='word_1_234' title='bbox 1642 4650 1715 4722; x_wconf 82' lang='lat' dir='ltr'><strong>rr&#39;r&#39;ri</strong></span> <span class='ocrx_word' id='word_1_235' title='bbox 1743 4649 1777 4720; x_wconf 89' lang='lat' dir='ltr'><strong>d.</strong></span> <span class='ocrx_word' id='word_1_236' title='bbox 1805 4647 1851 4720; x_wconf 80' lang='lat' dir='ltr'><strong>A.</strong></span> <span class='ocrx_word' id='word_1_237' title='bbox 1876 4646 1922 4720; x_wconf 89' lang='lat' dir='ltr'><strong>de</strong></span> <span class='ocrx_word' id='word_1_238' title='bbox 1941 4645 2083 4736; x_wconf 88' lang='lat' dir='ltr'><strong>Monte,</strong></span> 
     </span>
     <span class='ocr_line' id='line_1_28' title="bbox 652 4785 2082 4884; baseline 0.001 -27"><span class='ocrx_word' id='word_1_239' title='bbox 652 4785 902 4860; x_wconf 78' lang='lat' dir='ltr'><strong>cardinalias.</strong></span> <span class='ocrx_word' id='word_1_240' title='bbox 924 4787 1114 4880; x_wconf 86' lang='lat' dir='ltr'><strong>Praxedis,</strong></span> <span class='ocrx_word' id='word_1_241' title='bbox 1130 4789 1196 4884; x_wconf 92' lang='lat' dir='ltr'><strong>qui</strong></span> <span class='ocrx_word' id='word_1_242' title='bbox 1224 4811 1290 4884; x_wconf 93' lang='lat' dir='ltr'><strong>per</strong></span> <span class='ocrx_word' id='word_1_243' title='bbox 1317 4790 1466 4865; x_wconf 88' lang='lat' dir='ltr'><strong>obitum</strong></span> <span class='ocrx_word' id='word_1_244' title='bbox 1493 4789 1694 4865; x_wconf 83' lang='lat' dir='ltr'><strong>cardinalis</strong></span> <span class='ocrx_word' id='word_1_245' title='bbox 1715 4785 2082 4864; x_wconf 82' lang='lat' dir='ltr'><strong>Sanseveriuateusis</strong></span> 
     </span>
     <span class='ocr_line' id='line_1_29' title="bbox 650 4925 2084 5028; baseline -0.002 -26"><span class='ocrx_word' id='word_1_246' title='bbox 650 4928 789 5003; x_wconf 88' lang='lat' dir='ltr'><strong>habuit</strong></span> <span class='ocrx_word' id='word_1_247' title='bbox 816 4929 1076 5028; x_wconf 86' lang='lat' dir='ltr'><strong>episcopatum</strong></span> <span class='ocrx_word' id='word_1_248' title='bbox 1105 4933 1380 5024; x_wconf 85' lang='lat' dir='ltr'><strong>novariensem,</strong></span> <span class='ocrx_word' id='word_1_249' title='bbox 1396 4936 1437 5008; x_wconf 91' lang='lat' dir='ltr'><strong>et</strong></span> <span class='ocrx_word' id='word_1_250' title='bbox 1454 4931 1494 5006; x_wconf 88' lang='lat' dir='ltr'><strong>iu</strong></span> <span class='ocrx_word' id='word_1_251' title='bbox 1514 4931 1588 5006; x_wconf 88' lang='lat' dir='ltr'><strong>fine</strong></span> <span class='ocrx_word' id='word_1_252' title='bbox 1607 4931 1683 5005; x_wconf 86' lang='lat' dir='ltr'><strong>fuit</strong></span> <span class='ocrx_word' id='word_1_253' title='bbox 1710 4954 1733 5004; x_wconf 87' lang='lat' dir='ltr'><strong>a</strong></span> <span class='ocrx_word' id='word_1_254' title='bbox 1760 4927 1918 5024; x_wconf 85' lang='lat' dir='ltr'><strong>collegio</strong></span> <span class='ocrx_word' id='word_1_255' title='bbox 1946 4925 2084 5001; x_wconf 86' lang='lat' dir='ltr'><strong>ductus</strong></span> 
     </span>
     <span class='ocr_line' id='line_1_30' title="bbox 652 5071 1498 5174; baseline 0.007 -29"><span class='ocrx_word' id='word_1_256' title='bbox 652 5071 700 5145; x_wconf 88' lang='lat' dir='ltr'><strong>ad</strong></span> <span class='ocrx_word' id='word_1_257' title='bbox 728 5071 868 5148; x_wconf 91' lang='lat' dir='ltr'><strong>ostium</strong></span> <span class='ocrx_word' id='word_1_258' title='bbox 898 5073 1128 5151; x_wconf 80' lang='lat' dir='ltr'><strong>residentiae</strong></span> <span class='ocrx_word' id='word_1_259' title='bbox 1155 5097 1246 5151; x_wconf 87' lang='lat' dir='ltr'><strong>suae</strong></span> <span class='ocrx_word' id='word_1_260' title='bbox 1273 5076 1313 5150; x_wconf 93' lang='lat' dir='ltr'><strong>in</strong></span> <span class='ocrx_word' id='word_1_261' title='bbox 1341 5076 1498 5174; x_wconf 89' lang='lat' dir='ltr'><strong>palatio.</strong></span> 
     </span>
    </p>
   </div>
   <div class='ocr_carea' id='block_1_6' title="bbox 0 0 2490 6352">
    <p class='ocr_par' dir='ltr' id='par_1_6' title="bbox 0 0 2490 6352">
     <span class='ocr_line' id='line_1_31' title="bbox 0 0 2490 6352; baseline 0 1"><span class='ocrx_word' id='word_1_262' title='bbox 0 0 2490 6352; x_wconf 95' lang='lat' dir='ltr'><strong> </strong></span> 
     </span>
    </p>
   </div>
  </div>
 </body>
</html>
