4970 6352
626 495 671 564 34
1177 516 1302 563 aaaron
1324 518 1370 564 aa
1394 517 1509 564 omssr

626 737 780 815 missam
807 737 939 815 videns
958 737 1063 836 Papa
1081 739 1252 835 pluviam
1271 760 1445 832 cessasse,
1465 738 1664 817 mandavit
1681 743 1728 815 ut
1745 741 1931 838 processio
1950 763 2056 817 more

626 885 740 962 sclito
768 883 889 962 fieret.
919 886 1025 961 Tunc
1053 885 1246 962 denudata
1264 885 1341 960 fuit
1368 885 1537 982 cappella
1564 885 1711 983 palatii,
1727 889 1768 962 et
1794 909 1926 962 rursus
1953 909 2057 983 repa·

625 1032 713 1104 rata
740 1029 910 1128 cappella
936 1051 966 1104 s.
982 1029 1100 1104 Petri.
1121 1031 1215 1104 Post
1241 1030 1334 1104 baec
1352 1029 1539 1126 processio
1568 1029 1741 1104 incedere
1765 1029 1901 1126 coepit,
1922 1029 2059 1124 etjam

625 1193 746 1268 usque
773 1170 823 1245 ad
849 1171 1019 1267 plateam
1047 1170 1083 1246 S.
1113 1172 1218 1246 Petri
1258 1173 1497 1268 pervenerat,
1527 1194 1614 1245 cum
1655 1191 1785 1246 rursus
1822 1170 2058 1248 vehementis

625 1315 778 1412 pluviae
805 1314 1016 1411 periculum
1045 1315 1242 1389 imminere
1270 1313 1484 1403 videretur3
1514 1336 1633 1409 quare
1661 1315 1839 1390 Pontifex
1876 1315 2059 1392 voluisset

626 1477 756 1531 omnes
796 1455 939 1532 reverti
967 1455 1016 1530 ad
1052 1455 1248 1532 ecclesiam
1275 1479 1303 1531 s.
1331 1456 1448 1532 Petri.
1492 1457 1688 1552 Attamen,
1727 1461 1807 1556 ipsc
1834 1483 1910 1535 uon
1949 1482 2058 1558 repn-

626 1603 781 1696 gnante‚
809 1600 998 1696 processio
1025 1603 1152 1675 totum
1180 1601 1254 1676 iter
1281 1601 1523 1698 designatum
1564 1603 1727 1679 confecit
1762 1604 1952 1679 transiens
1993 1625 2060 1700 per

626 1745 708 1819 vias
736 1744 915 1840 antiquas
941 1746 982 1819 et
1008 1745 1141 1820 solitas
1169 1765 1287 1840 usque
1315 1744 1363 1818 ad
1391 1744 1502 1821 aedes
1529 1746 1596 1818 nbi
1622 1767 1723 1820 nunc
1749 1745 1902 1820 habitat
1935 1745 2056 1820 cardi·

627 1887 724 1964 nalis
751 1887 1008 1986 aragonensis.
1050 1887 1156 1985 Papa
1196 1909 1342 1984 semper
1370 1887 1445 1963 fuit
1472 1889 1575 1963 nudo
1602 1889 1738 1986 capite,
1777 1889 1867 1965 licet
1903 1890 2059 1986 propter

625 2028 858 2106 valetudinis
884 2053 1039 2105 causam
1066 2030 1208 2126 pluries
1242 2033 1343 2106 esset
1370 2033 1558 2108 invitatus
1577 2035 1623 2106 ut
1646 2031 1679 2106 si
1697 2053 1773 2106 non
1788 2033 1956 2124 mitram,
1985 2033 2057 2106 sal·

626 2173 706 2245 tam
734 2170 901 2245 biretum
930 2173 1151 2245 assumeret.

732 2453 822 2528 Dies
835 2451 1014 2526 mercurii
1041 2456 1180 2548 quarta
1195 2451 1308 2545 junii,
1328 2451 1526 2548 designata
1545 2452 1673 2526 suerat
1691 2473 1760 2549 pro
1778 2452 1942 2528 sessione
1969 2475 2058 2527 con·

626 2595 715 2687 cilii,
745 2595 811 2670 sed
839 2595 1196 2693 supervenientibus
1222 2595 1448 2691 specialibus
1476 2587 1759 2685 carassalem
1787 2595 1902 2670 sessio
1929 2617 2059 2692 proro-

626 2741 718 2835 gata
755 2737 832 2812 fuit
867 2738 917 2811 ad
953 2759 1122 2813 mensem
1164 2739 1341 2811 octobris.
1370 2738 1441 2810 Dic
1477 2739 1604 2812 autern
1646 2737 1851 2832 praedicta,
1876 2739 2057 2832 exequiae

625 2881 841 2957 celebratae
869 2881 1027 2957 fuerunt
1054 2903 1123 2979 pro
1151 2883 1221 2958 bo:
1252 2880 1333 2956 mei
1363 2881 1528 2956 Ladislai
1564 2879 1664 2978 regis
1691 2879 1911 2976 Hungariae
1938 2901 2059 2976 nuper

626 3023 797 3100 defuncti
824 3026 890 3123 qui
918 3025 1037 3102 etiarn
1064 3025 1104 3102 in
1132 3029 1365 3104 testamento
1402 3048 1471 3102 auo
1509 3023 1733 3102 Pontificem
1769 3024 1984 3100 llonuuuun
2017 3027 2058 3098 ot

625 3171 831 3248 Ecclesiam
846 3171 1058 3246 Romanam
1085 3172 1243 3270 reliquit
1268 3172 1318 3246 ad
1346 3170 1601 3246 defensionem
1616 3170 1699 3263 lilii,
1719 3173 1760 3245 et
1778 3169 2056 3266 quodammodo

625 3336 693 3410 pro
712 3315 936 3390 executione
963 3317 1188 3391 testamenti
1207 3317 1279 3389 sui.
1301 3315 1423 3402 Quare
1442 3314 1547 3409 Papa
1565 3315 1656 3388 illuc
1679 3313 1784 3388 misit
1801 3336 1923 3386 unum
1951 3333 2057 3406 praa·

626 3457 749 3530 latum
777 3480 808 3530 r.
837 3457 873 3530 d.
903 3455 1116 3531 Robertum
1153 3458 1199 3532 dc
1224 3457 1372 3531 Ursinis
1409 3456 1572 3532 electum
1599 3455 1811 3551 rheginum.
1850 3455 1988 3550 Itaque
2015 3455 2056 3528 in

623 3598 794 3695 cappella
834 3599 1026 3673 celebrata
1063 3603 1123 3674 est
1150 3601 1264 3674 missa
1300 3622 1367 3696 per
1403 3601 1620 3697 episcopum
1660 3600 1972 3674 catharenensem
2010 3597 2056 3671 da

624 3739 791 3831 natione,
821 3739 883 3814 oui
910 3739 1173 3816 interfuerunt
1205 3739 1415 3816 cardinales
1458 3739 1667 3832 duodecim,
1705 3739 1867 3838 praelati
1900 3737 2056 3834 viginti·

626 3904 806 3981 qumque.

732 4165 887 4242 Peridus
914 4187 1104 4263 exponens
1132 4188 1264 4240 causas
1292 4167 1571 4261 prorogationis
1608 4167 1755 4242 concilii
1783 4168 1917 4238 narrat
1948 4185 2054 4258 prae·

623 4308 723 4384 latos
750 4309 923 4384 extitisse
954 4330 1192 4404 summopere
1219 4308 1401 4382 sollicitos
1438 4313 1484 4382 ut
1510 4310 1728 4384 aboleretur
1763 4331 1860 4381 marc
1895 4331 2056 4402 mcpuum

623 4451 909 4547 privilegiorum
938 4449 1129 4540 Fratrum,
1159 4451 1199 4524 et
1226 4454 1272 4525 ut
1299 4473 1429 4524 eorum
1458 4451 1656 4547 privilegia
1692 4449 1740 4522 ad
1769 4449 1930 4521 formam
1958 4448 2057 4541 juris

623 4593 834 4667 communis
861 4591 1135 4687 redigerentur.
1157 4591 1276 4678 Quem
1290 4593 1329 4666 in
1348 4592 1462 4668 linem
1476 4592 1585 4667 enixe
1601 4591 1849 4689 postulabant
1867 4586 1941 4662 uS.
1962 4587 2056 4664 Sede

623 4739 669 4810 ut
695 4735 829 4810 liceret
855 4733 927 4809 sibi
956 4734 1096 4811 habere
1123 4736 1478 4813 confraternitatem
1505 4737 1766 4834 cpiscoporum
1792 4735 1832 4807 in
1864 4732 1959 4807 urbe
1986 4755 2054 4829 pro

622 4879 786 4977 negotiis
815 4877 1033 4955 eorumdem
1062 4879 1335 4978 episcoporum.
1366 4883 1449 4970 (lua
1475 4905 1589 4979 super
1616 4907 1657 4957 re
1685 4881 1789 4976 Papa
1816 4901 1893 4953 non
1921 4879 2055 4952 statim

622 5025 789 5097 mentem
805 5045 914 5096 suam
933 5021 1095 5116 aperuit.
1113 5015 1187 5098 Sed
1202 5023 1347 5116 deinde,
1363 5028 1694 5122 perseverantibus
1713 5025 1753 5097 in
1773 5044 1842 5097 suo
1860 5022 2054 5119 proposito

622 5163 818 5259 praelatis,
833 5161 936 5236 idem
951 5161 1057 5258 Papa
1074 5165 1207 5257 aperte
1226 5165 1384 5256 restitit,
1401 5166 1528 5240 dicens
1542 5187 1619 5238 non
1637 5164 1785 5260 placere
1803 5160 2057 5244 cardinalibus

623 5299 724 5400 quod
761 5301 925 5400 praelati
964 5303 1152 5379 baberent
1177 5305 1416 5398 societatem,
1445 5311 1485 5382 et
1512 5305 1661 5382 addidit
1694 5304 1796 5406 quod
1832 5303 1865 5380 si
1892 5302 2055 5402 praelati
