4970 6352
1196 635 1319 680 Paulos
1342 636 1388 680 mc
1411 635 1525 680 ernest

1619 725 1631 732 ι.
1636 724 1882 733 -ι-ι--κ-ι--σ
1888 724 1967 732 ..ι--ο

752 855 824 930 Die
849 855 1027 930 mercurii
1053 841 1230 929 habitum
1259 855 1334 929 fuit
1361 855 1627 929 consistorium
1655 877 1723 951 pro
1756 853 1891 928 dandis
1928 852 2079 928 annulis

647 1001 688 1073 et
714 999 841 1073 titulis
868 1001 909 1073 et
936 998 1013 1072 oris
1039 997 1231 1071 clausura:
1246 1001 1288 1069 et
1314 997 1520 1071 Laurentio
1548 996 1663 1070 Putio
1689 997 1851 1069 titulum
1870 997 2080 1092 assignavit

647 1140 866 1211 sanctorum
881 1139 1049 1231 quatuor
1067 1138 1347 1228 coronatorum,
1363 1135 1388 1208 J
1392 1135 1468 1209 ulio
1488 1136 1535 1211 de
1549 1135 1703 1209 Medicis
1722 1135 1935 1210 diaconiam
1954 1159 1983 1209 s.
2000 1136 2078 1209 Ma·

646 1280 728 1354 riae
754 1282 794 1354 in
822 1278 1007 1369 domnica,
1042 1277 1235 1353 Bernerdo
1276 1278 1322 1353 de
1355 1277 1515 1353 Bibiene
1551 1277 1764 1352 diaconiam
1796 1301 1825 1352 s.
1853 1277 1998 1352 Mariae
2041 1280 2080 1351 in

647 1423 808 1518 porticu,
837 1423 879 1495 et
904 1420 1128 1495 Innocentio
1155 1419 1246 1494 (libo
1274 1419 1487 1494 diaconiam
1514 1421 1732 1494 sanctorum
1761 1417 1917 1492 Cosmus
1945 1421 1985 1493 et
2004 1419 2078 1492 Da·

648 1566 778 1657 miani,
807 1587 883 1662 quo
912 1563 1014 1640 lacto
1041 1564 1179 1640 clausit
1205 1587 1247 1640 os
1266 1565 1375 1641 novis
1403 1563 1670 1640 cardinalibus.
1691 1563 1836 1639 Deinde
1855 1587 1878 1637 a
1898 1563 2080 1659 magistro

648 1709 973 1784 caeremoniarum
1000 1707 1126 1802 rogati
1159 1711 1250 1780 sunt
1277 1707 1467 1804 quomodo
1495 1705 1678 1804 appellari
1705 1705 1861 1795 vellent,
1895 1708 2026 1778 utrum
2059 1729 2082 1778 a

650 1851 802 1928 nomine
829 1849 992 1950 proprio,
1016 1874 1067 1928 au
1086 1873 1109 1928 a
1128 1848 1257 1946 titulo,
1276 1875 1327 1928 an
1346 1875 1370 1928 a
1387 1849 1573 1928 vocabulo
1592 1849 1738 1944 doinus,
1754 1851 1795 1927 et
1813 1848 1885 1946 ipsi
1903 1847 2082 1926 dixerunt

649 2016 689 2071 se
716 2016 938 2094 responsum
967 1996 1124 2070 daturos
1151 1994 1191 2070 in
1219 1993 1389 2092 proximo
1416 1993 1652 2068 consistorio.

2086 2219 2105 2254 ἱ

756 2277 826 2353 Die
853 2279 1004 2352 sabbati
1031 2278 1177 2354 decima
1202 2279 1364 2374 septima
1382 2278 1522 2354 mensis
1548 2278 1785 2372 septembris,
1805 2281 1974 2374 quatuor
1998 2301 2081 2352 ora·

649 2424 752 2496 tores
768 2420 1039 2497 avenionenses
1065 2421 1106 2494 in
1131 2421 1266 2496 urbem
1285 2423 1474 2498 venerunt
1493 2423 1539 2494 ut
1556 2418 1815 2507 obedientiam
1843 2423 2083 2515 praestarent

651 2562 828 2637 Pontifici
861 2564 902 2636 et
929 2563 1042 2636 simul
1079 2563 1272 2639 deferrent
1299 2584 1470 2655 munere,
1498 2585 1565 2637 seu
1592 2563 1720 2657 potius
1752 2584 1905 2638 censum
1941 2563 2083 2639 valoris

647 2703 975 2797 septingentorum
1003 2702 1242 2793 ducatorum,
1270 2702 1336 2796 qui
1363 2704 1495 2776 tamen
1511 2723 1700 2774 summam
1728 2700 1833 2774 mille
1852 2701 2077 2775 ducatorum

649 2864 816 2938 aequare
843 2841 1047 2918 debuisset.

756 3122 826 3198 Die
839 3122 955 3198 lunae
969 3127 1106 3200 octava
1126 3123 1291 3198 octobris
1305 3125 1395 3198 ante
1408 3121 1563 3197 initium
1577 3123 1716 3220 publici
1732 3122 1956 3215 consistorii,
1972 3121 2080 3217 Papo

651 3265 789 3342 habuit
816 3266 1083 3343 consistorium
1101 3271 1288 3374 secretum
1306 3267 1346 3341 in
1365 3288 1441 3362 quo
1461 3268 1611 3363 aperuit
1629 3289 1672 3342 os
1690 3267 1799 3343 novis
1826 3267 2083 3343 cardinalibus

652 3414 698 3484 ut
724 3411 840 3485 iidem
867 3416 1022 3509 possent
1048 3412 1256 3502 deceroto,
1277 3415 1318 3486 et
1333 3413 1467 3485 statim
1494 3411 1729 3508 partecipare
1748 3411 1794 3486 de
1813 3411 2082 3486 emolumentis

653 3575 750 3650 quae
778 3575 846 3651 pro
874 3553 1107 3630 consistoriis
1134 3555 1406 3652 percipiuntur.

759 3837 969 3933 Postquam
988 3837 1171 3911 nuntiata
1190 3837 1266 3911 fuit
1282 3837 1444 3914 victoria
1471 3838 1570 3932 regis
1588 3838 1789 3932 anglorum
1807 3839 1847 3910 in
1866 3837 1968 3912 bello
1996 3859 2082 3912 con·

652 3981 715 4052 tra
741 3981 877 4052 scotos·
893 3978 989 4068 (19),
1011 3977 1215 4052 cardinalis
1241 3978 1377 4073 anglus
1405 3978 1547 4072 aliique
1575 3979 1779 4053 censebant
1805 3998 1874 4074 pro
1893 3977 2079 4072 ejusmodi

567 4201 571 4208 ,
653 4117 755 4191 facto
782 4117 943 4191 solemni
971 4117 1083 4192 modo
1111 4117 1255 4213 gratias
1283 4117 1364 4192 Deo
1391 4116 1577 4212 agendas:
1606 4117 1673 4191 alii
1701 4138 1792 4193 vero
1820 4116 1867 4191 iis
1897 4137 2082 4212 repugna·

651 4256 748 4332 bant
774 4280 859 4332 eam
886 4258 935 4331 ob
963 4279 1118 4332 causam
1144 4256 1245 4351 quod
1264 4256 1361 4331 scoti
1381 4256 1521 4333 devicti
1548 4259 1676 4331 essent
1690 4257 1898 4348 christiani,
1924 4260 1965 4330 et
1981 4254 2081 4352 quod

651 4421 720 4474 suo
745 4399 889 4494 judicio
918 4401 1097 4475 obdurati
1131 4400 1321 4476 Ecclesiae
1357 4401 1487 4476 hostes
1514 4401 1587 4477 dici
1615 4425 1692 4476 non
1729 4405 1892 4495 possent.
1927 4401 2000 4476 Ites
2028 4401 2085 4475 ita

651 4541 860 4634 composita
898 4541 974 4613 luit
1009 4541 1109 4635 quod
1146 4541 1262 4614 missa
1295 4544 1517 4616 contaretur
1545 4543 1584 4614 in
1617 4541 1772 4616 ecclesia
1799 4565 1828 4615 s.
1867 4541 2011 4615 Mariae
2039 4541 2085 4614 de

651 4681 793 4776 populo
820 4681 901 4755 sine
928 4680 1254 4776 indulgentiarum
1290 4682 1558 4776 publicatione.
1596 4682 1702 4756 Idem
1730 4683 1808 4758 fere
1836 4683 1981 4757 iactum
2010 4683 2085 4756 fuit

652 4825 701 4900 ob
727 4824 990 4900 renunciatam
1027 4825 1228 4901 victoriam
1265 4825 1326 4900 die
1349 4826 1451 4920 jovis
1477 4826 1760 4900 decimotertio
1787 4826 1951 4902 octobris
1978 4847 2083 4902 exor-

652 4968 751 5042 citus
779 4967 1036 5042 confoederati
1065 4967 1321 5062 hispanorum,
1350 4969 1638 5044 alemannorum
1666 4972 1708 5044 et
1735 4967 1927 5042 Pontificis
1952 4971 2084 5043 contra

653 5111 811 5186 venetos
837 5108 918 5204 regi
946 5107 1092 5182 Galliae
1119 5109 1342 5203 conjunctos
1369 5109 1466 5201 (20).
