4970 6352
878 651 912 701 ιι.
934 655 1050 703 nmmo
1073 656 1109 702 nr
1133 651 1215 702 rurs
1238 651 1351 702 arcorc
1375 655 1408 702 x.
1809 629 1853 701 25

419 873 642 952 consistorio
669 876 814 950 secreto
842 872 943 971 quod
971 872 1048 948 luit
1087 871 1148 949 die
1189 871 1335 949 decima
1369 872 1605 970 septembris,
1636 871 1853 969 praefatum

419 1018 755 1114 archiepiscopum,
784 1017 844 1091 uti
871 1041 986 1114 supra
1013 1016 1157 1092 dictum
1185 1019 1254 1109 est,
1283 1016 1514 1093 cardinalem
1542 1018 1793 1094 renuntiavit.

524 1299 595 1404 Dl⁰
622 1299 746 1395 prima
772 1299 912 1374 mensis
948 1299 1114 1374 octobris
1150 1299 1256 1396 Papa
1290 1299 1338 1372 ab
1380 1299 1474 1373 urhe
1513 1298 1685 1375 discessit
1720 1322 1853 1375 versus
1880 1307 1942 1365 Pol·
1963 1309 2016 1364 122
2034 1326 2057 1365 r.

422 1444 634 1521 viterbium
662 1447 703 1520 et
726 1437 898 1519 montem
917 1443 1106 1518 Faliscum
1125 1466 1170 1519 ac
1188 1444 1452 1518 Tuscanellam
1476 1445 1516 1520 et
1534 1443 1697 1520 (lentum
1718 1443 1852 1522 Cellas

417 1583 463 1657 In
489 1584 562 1659 hac
589 1583 747 1657 civitate
773 1604 859 1657 curn
888 1585 997 1673 esset,
1027 1582 1185 1677 agnovit
1212 1604 1404 1656 rumorem
1432 1582 1667 1658 circumferri
1691 1582 1738 1659 de
1765 1606 1854 1680 rege

417 1725 562 1799 Galliae
590 1724 691 1821 quod
721 1725 764 1816 is,
793 1726 1012 1820 expugnato
1040 1723 1268 1813 Mediolano,
1297 1725 1411 1798 rebus
1439 1725 1657 1820 compositis
1683 1748 1770 1801 cum
1790 1726 1854 1802 de·

415 1865 517 1940 victo
558 1862 664 1955 duce,
706 1862 902 1939 declarans
944 1885 984 1938 se
1010 1863 1110 1938 velle
1147 1861 1303 1938 visitare
1340 1863 1474 1938 limina
1511 1865 1773 1960 apostolorum
1813 1869 1856 1939 et

415 2006 577 2083 osculari
606 2006 738 2103 pedem
768 2005 975 2099 Porrtilicis,
1017 2005 1206 2102 cogitaret
1234 2005 1273 2078 in
1301 2005 1434 2080 urbem
1473 2007 1603 2083 venire
1639 2029 1727 2080 cum
1769 2009 1854 2081 toto

415 2152 596 2242 exercitu,
624 2150 809 2226 simulans
837 2173 877 2225 se
898 2150 983 2255 alio
1012 2147 1124 2225 modo
1152 2171 1327 2225 securum
1356 2171 1436 2226 esse
1468 2172 1546 2226 non
1584 2171 1702 2247 posse.
1731 2149 1855 2238 Quare

414 2301 461 2371 ut
488 2317 640 2371 omnem
667 2295 812 2369 fraudis
838 2296 880 2370 et
906 2293 1200 2369 machinationis
1221 2293 1473 2390 suspicionem
1493 2294 1745 2390 propulsaret,
1766 2317 1854 2370 con·

388 2495 392 2505 .
415 2438 633 2513 vectionem
661 2437 750 2510 iniit
777 2459 863 2512 cum
890 2457 981 2533 rege
1009 2435 1170 2525 Galliae,
1198 2435 1238 2510 vi
1266 2435 1374 2529 cujus
1402 2435 1582 2510 Pontifex
1620 2437 1693 2510 sibi
1717 2459 1853 2533 propo·

415 2581 532 2656 nelrat
558 2578 734 2674 progredi
763 2600 882 2674 usque
909 2576 958 2651 ad
984 2577 1197 2651 Bononiam
1225 2599 1312 2652 cum
1341 2578 1445 2653 omni
1472 2579 1591 2669 curia,
1620 2583 1661 2653 et
1689 2577 1728 2652 in
1767 2601 1855 2654 eum

414 2723 540 2798 locum
567 2745 634 2797 rex
661 2721 812 2797 veniret
838 2744 926 2796 cum
953 2721 1034 2796 sola
1061 2745 1131 2795 sua
1159 2721 1343 2811 custodia,
1366 2725 1410 2795 ut
1429 2722 1483 2795 ibi
1508 2722 1734 2819 obsequium
1755 2723 1854 2797 Pon·

418 2866 512 2941 tilici
540 2866 750 2962 praeberet.
780 2864 874 2939 eum
902 2887 994 2940 vero
1014 2866 1140 2939 minus
1160 2864 1293 2939 decere
1311 2865 1508 2941 videretur
1535 2865 1681 2962 Papam
1700 2867 1853 2943 obviam

414 3013 470 3087 ire
498 3011 590 3108 regi,
618 3010 780 3107 ipsemet
806 3008 912 3105 Papa
940 3009 1094 3085 vocavit
1121 3032 1252 3086 omnes
1280 3010 1490 3085 cardinales
1520 3010 1560 3084 in
1592 3010 1728 3087 vicinis
1760 3012 1854 3088 locis

415 3154 593 3248 degentes
620 3157 668 3226 ut
695 3153 858 3228 Viterbii
885 3153 1062 3228 adessent
1088 3154 1127 3227 in
1157 3153 1218 3228 die
1245 3154 1417 3228 omnium
1449 3155 1670 3228 sanctorum
1696 3153 1737 3226 in
1764 3176 1854 3249 quo,

414 3295 577 3395 peractis
597 3294 644 3370 de
662 3317 767 3371 more
786 3296 915 3387 sacris,
931 3295 1024 3392 quid
1045 3294 1235 3391 agendum
1254 3295 1356 3370 foret
1373 3297 1624 3371 statueretur.
1644 3295 1703 3368 Ibi
1723 3297 1854 3370 autem

415 3443 520 3538 Papa
534 3441 639 3517 dedit
653 3440 836 3516 cardinali
850 3463 879 3514 s.
896 3440 1004 3531 Sixti,
1017 3440 1156 3516 Achilli
1184 3441 1230 3516 de
1245 3441 1391 3517 Grassis
1411 3440 1633 3515 bononiensi
1648 3439 1771 3517 Breve
1787 3440 1852 3515 da-

414 3587 498 3660 tum
526 3584 682 3659 corneti
709 3582 769 3658 die
799 3583 1145 3680 vigesimasecunda
1173 3583 1337 3658 octobris
1356 3583 1455 3658 1515
1478 3582 1722 3680 pontificatus
1751 3606 1852 3658 anno

413 3725 541 3815 tertio,
560 3726 599 3799 in
612 3747 687 3821 quo
703 3726 915 3799 memorato
929 3723 1080 3802 loedere
1108 3723 1210 3820 pacis
1231 3724 1325 3798 inito
1345 3746 1433 3799 cum
1460 3745 1550 3819 rego
1570 3723 1727 3815 Galliae,
1745 3727 1786 3799 et
1804 3724 1853 3799 ab

413 3866 546 3941 eodem
562 3868 728 3960 accepto,
743 3863 962 3938 declarabat
990 3864 1120 3938 omnia
1135 3886 1234 3960 quae
1248 3864 1297 3936 ad
1325 3864 1564 3960 praedictum
1588 3863 1720 3939 foedus
1735 3864 1852 3960 perti·

413 4032 503 4086 nere
517 4011 672 4105 possent
686 4007 877 4085 communi
893 4007 1064 4082 omnium
1092 4007 1285 4084 sententia
1304 4029 1384 4082 esse
1413 4006 1637 4099 delinienda,
1656 4010 1698 4084 et
1718 4007 1853 4085 deinde

413 4153 460 4227 ab
480 4151 613 4226 eodem
632 4151 815 4226 cardinali
843 4152 1075 4248 requirebat,
1090 4153 1138 4226 ut
1155 4175 1222 4227 rex
1250 4150 1468 4226 Viterbinm
1485 4174 1525 4229 se
1553 4152 1755 4245 conferret,
1776 4176 1852 4250 quo

392 4293 451 4397 'in
470 4294 553 4371 loco
581 4296 855 4393 praemonebat
881 4319 921 4372 se
948 4295 1029 4372 fore
1057 4295 1106 4370 ad
1133 4297 1295 4372 tertium
1323 4295 1507 4371 kalendas
1534 4297 1763 4372 novembris.

518 4580 564 4654 ln
577 4581 710 4678 vigilia
737 4585 908 4657 omnium
932 4587 1173 4672 sanctorum
1194 4581 1378 4658 Pontifice
1397 4581 1586 4658 existente
1604 4583 1645 4656 in
1664 4581 1850 4671 Viterbio,
1878 4599 1898 4658 c
1919 4601 1973 4658 lec
1990 4617 2019 4658 v.

412 4720 568 4798 habitae
608 4727 700 4799 sunt
740 4747 920 4821 vesperae
955 4726 1108 4821 papales
1145 4724 1287 4800 ibidem
1324 4725 1363 4799 in
1401 4724 1558 4801 ecclesia
1594 4747 1623 4800 s.
1648 4723 1850 4810 Frencisci,

413 4864 652 4959 presentibus
679 4862 861 4939 tredecim
898 4863 1165 4939 cardinalibus.
1196 4864 1278 4951 Qua
1314 4865 1354 4938 in
1391 4864 1552 4939 civitate
1590 4864 1651 4940 die
1687 4867 1852 4941 secunda

413 5007 628 5084 novembris
656 5008 829 5104 receptus
856 5006 932 5082 fuit
959 5009 1000 5084 et
1027 5007 1164 5082 ductus
1192 5029 1278 5082 curn
1306 5005 1549 5082 solemnitate
1574 5006 1623 5082 ad
1642 5005 1851 5104 hospitium

413 5177 574 5230 coronae
589 5154 673 5245 (33)
692 5158 823 5230 orator
837 5155 1019 5231 Franciae
1045 5155 1164 5230 laicus
1193 5153 1259 5251 qui
1279 5154 1355 5228 fuit
1374 5152 1550 5227 dominus
1577 5153 1625 5228 de
1646 5152 1850 5230 Bonnivet.
