4970 6352
866 618 898 662 rr.
923 616 1035 662 ruram
1059 617 1093 660 m
1118 613 1200 660 mm
1223 612 1335 658 canna
1358 612 1389 656 x.
1824 587 1845 650 9

514 839 583 912 Die
601 836 766 912 secunda
784 835 990 910 decembris
1010 833 1186 908 habiturn
1214 833 1274 906 est
1291 829 1568 905 consistorium.
1584 828 1628 901 In
1650 850 1694 903 eo
1714 828 1841 902 statu·
1870 829 1895 884 F
1897 829 1937 914 012
1955 828 1988 882 ⁷1
2008 843 2036 884 v.

406 984 491 1055 tum
511 980 587 1054 fuit
600 979 725 1076 quoad
741 978 922 1053 lectiones
940 977 1149 1053 cantandas
1164 977 1203 1048 in
1222 977 1335 1050 nocte
1355 973 1535 1049 natalitia
1553 994 1621 1069 pro
1640 969 1843 1046 matutinis

408 1122 576 1197 ordinem
605 1121 788 1195 sixtinam
817 1117 1046 1194 servandum
1066 1139 1146 1191 esse
1161 1114 1275 1211 juxta
1293 1137 1406 1210 quern
1425 1137 1556 1190 omnes
1574 1112 1757 1188 lectiones
1776 1132 1843 1206 por

406 1264 615 1340 cardinales
643 1262 790 1337 cantari
810 1261 984 1349 debeant,
1001 1261 1157 1353 excepta
1183 1280 1286 1332 nona
1313 1258 1476 1331 lectione
1495 1277 1593 1350 quae
1612 1256 1792 1329 cantatur
1820 1275 1843 1326 a

408 1405 523 1502 Papa.
554 1407 713 1500 Insuper
741 1401 975 1478 affirmatum
1004 1403 1063 1476 est
1085 1401 1253 1474 veterem
1272 1395 1583 1474 consuetudinem
1604 1397 1842 1474 retinendam

408 1547 453 1619 ut
481 1543 585 1640 Papa
612 1544 765 1618 missam
796 1543 927 1618 cantat
954 1543 1015 1616 ter
1042 1540 1081 1613 in
1110 1561 1223 1630 anno,
1242 1559 1379 1634 nempe
1397 1537 1438 1612 in
1457 1536 1518 1612 die
1540 1537 1704 1630 Natalis,
1724 1539 1764 1612 in
1783 1537 1844 1611 die

408 1685 709 1762 Resurrectionis
738 1688 779 1760 et
805 1684 846 1758 in
879 1682 941 1758 die
977 1680 1239 1778 apostolorum
1274 1679 1381 1754 Petri
1408 1681 1449 1755 et
1485 1678 1608 1770 Pauli,
1645 1681 1762 1775 atque
1801 1679 1847 1750 ut

409 1832 572 1931 episcopi
599 1853 677 1924 sex,
705 1830 917 1906 cardinales
946 1827 1065 1905 etiam
1092 1849 1154 1902 sex
1184 1825 1317 1901 missas
1343 1827 1504 1902 cantent
1530 1825 1570 1900 in
1595 1824 1729 1901 diebus
1767 1822 1844 1899 Gir-

409 1975 658 2062 cumcisionis,
687 1974 935 2072 Epiphaniae,
965 1972 1113 2048 (leenae
1139 1969 1306 2060 Domini,
1326 1967 1579 2060 AscensioniS,
1603 1967 1847 2050 Pentecostes

410 2121 450 2193 et
477 2119 648 2194 omnium
676 2120 907 2193 sanctorum.

518 2402 588 2476 Die
615 2405 754 2496 quarta
783 2397 991 2475 decembris
1019 2397 1153 2473 urbem
1181 2395 1339 2492 ingressi
1358 2397 1450 2470 sunt
1475 2396 1647 2470 oratores
1664 2394 1849 2470 marchio·
1875 2399 1897 2458 f·
1915 2399 1984 2456 ‘dr

413 2542 470 2614 nis
499 2539 774 2614 Montislerrati
811 2541 858 2612 ut
899 2538 1140 2632 praestarent
1180 2535 1438 2610 obedientiam
1479 2534 1668 2623 Pontifici,
1711 2534 1850 2629 quibus

413 2681 568 2755 honoris
595 2703 711 2754 causa
738 2679 937 2755 obviatum
965 2679 1025 2751 est
1052 2677 1100 2750 ab
1128 2675 1307 2750 universa
1334 2675 1460 2764 curia;
1488 2673 1553 2770 qui
1583 2675 1742 2749 luerunt
1774 2674 1849 2748 Do·

414 2821 575 2896 minicus
602 2821 799 2917 episcopus
827 2819 1006 2916 aquensis
1033 2821 1073 2894 et
1075 2873 1135 2892 .....

523 3109 593 3184 Die
621 3131 651 3183 s.
680 3106 830 3184 Nicolai
863 3104 1098 3198 confessoris,
1127 3104 1232 3203 Papa
1258 3107 1345 3203 post
1381 3127 1540 3203 parvam
1566 3103 1722 3181 missam
1755 3099 1851 3178 eele-
1880 3100 1955 3159 cm
1973 3117 2003 3160 v.

416 3251 567 3326 brutam
595 3251 634 3324 in
663 3274 733 3325 sua
760 3251 931 3347 cappella
960 3255 1008 3323 ab
1038 3247 1214 3324 onorario
1243 3249 1476 3345 cappellano,
1506 3249 1661 3343 accepta
1688 3245 1789 3321 stola
1810 3246 1853 3319 et

417 3391 550 3468 sedens
578 3393 679 3489 apud
699 3394 834 3484 altare,
864 3392 1030 3468 contulit
1056 3394 1223 3488 quatuor
1241 3391 1405 3467 minores
1425 3389 1576 3466 ordines
1602 3391 1682 3465 suis
1696 3385 1853 3463 novitiis
1943 3405 1950 3420 ·

417 3535 540 3612 tribus
578 3534 834 3612 cardinalibus
872 3533 1050 3612 videlicet
1077 3531 1123 3610 de
1150 3532 1316 3627 Medicis,
1345 3532 1391 3610 de
1418 3531 1578 3612 Bibiena
1606 3534 1647 3610 et
1673 3532 1721 3610 de
1748 3529 1853 3608 cibo.

524 3819 594 3895 Die
621 3819 771 3895 veneris
807 3843 909 3895 nona
946 3818 1154 3896 decembris
1190 3818 1399 3895 cardinales
1426 3840 1558 3894 omnes
1592 3817 1781 3895 venerunt
1808 3814 1855 3891 de
1883 3810 1904 3870 f·
1924 3813 1960 3868 ⁷⁶
1977 3830 2001 3869 r·

419 3986 529 4040 mane
557 3965 606 4038 ad
632 3965 910 4040 monasterium
938 3963 984 4040 de
1012 3964 1159 4062 Populo
1188 3988 1266 4038 una
1292 3985 1379 4039 cum
1415 3984 1516 4038 novo
1553 3959 1738 4038 cardinali
1765 3983 1854 4056 gur·

418 4107 520 4185 censi
548 4107 631 4199 (21)
660 4111 701 4184 et
728 4131 811 4183 curn
842 4130 983 4205 pompa
1010 4128 1161 4204 magna,
1185 4108 1331 4182 etcum
1359 4107 1514 4180 caterva
1541 4104 1641 4180 circa
1668 4125 1855 4201 equomm

419 4253 545 4328 0000.
567 4253 842 4329 Consistorium
875 4254 951 4327 luit
968 4251 1144 4326 habitum
1173 4273 1278 4326 more
1296 4251 1409 4326 solito
1438 4251 1477 4324 in
1496 4273 1572 4344 quo
1596 4249 1857 4325 interfuerunt

419 4397 537 4470 etiam
573 4394 700 4488 plures
732 4395 916 4478 oratores,
945 4392 1090 4466 scilicet
1132 4412 1342 4479 caesareus,
1377 4389 1680 4472 medionalensis,
1715 4389 1857 4463 montis

421 4533 568 4624 ferrati,
607 4532 855 4624 ferrariensis,
892 4531 1130 4622 florentinus,
1160 4531 1338 4622 senensis,
1368 4529 1530 4606 lucensis
1558 4529 1704 4604 etalii.

528 4818 598 4895 Die
625 4819 826 4895 undecima
853 4817 1059 4894 decembris
1087 4817 1285 4892 intrarunt
1303 4818 1472 4913 quatuor
1491 4818 1664 4892 oratores
1692 4815 1859 4892 caesarei
1886 4821 1908 4878 f·
1928 4821 1964 4876 77
1982 4839 2004 4878 r·

422 4961 471 5036 ad
489 4962 759 5057 praestandam
779 4961 1035 5037 obedientiam
1049 4960 1186 5057 Papae.
1201 4959 1288 5034 Dux
1302 4959 1393 5034 Bari
1413 4959 1533 5035 frater
1552 4959 1658 5036 ducis
1677 4959 1857 5036 mediola-

423 5103 560 5196 nensis,
589 5104 784 5201 opiscopns
811 5101 994 5179 lllbortos
1022 5103 1212 5200 carpensis
1240 5102 1483 5201 torgostinas,
1504 5105 1545 5180 et
1561 5101 1753 5179 Antonius
1774 5101 1820 5179 de
1837 5159 1858 5177 ..
