4970 6352
611 633 655 700 38
1156 653 1280 702 naman
1303 655 1349 701 aa
1372 655 1487 702 sasssr
1563 693 1566 700 .

610 870 852 962 emortuales,
880 873 1034 967 etpost
1061 894 1125 947 eas
1152 874 1368 947 matutinae
1395 873 1511 948 horae
1545 874 1682 948 solitae
1720 896 1786 968 per
1821 841 1965 970 Papam
2007 879 2047 949 et

611 1011 821 1087 cardinales
840 1012 969 1088 decem
983 1014 1373 1110 septem'praesentes.
1403 1014 1521 1089 Missa
1539 1036 1630 1090 vero
1650 1037 1718 1110 pro
1737 1014 1926 1092 defunctis
1949 1018 2064 1092 cule-¹

610 1153 723 1230 brata
749 1158 809 1230 est
836 1154 897 1230 die
923 1155 1040 1232 lunae
1068 1179 1134 1253 per
1168 1155 1400 1232 cardinalem
1442 1178 1668 1253 agenensem
1705 1159 2045 1256 poenitentiarum,

610 1300 651 1373 et
678 1297 855 1372 omnibus
882 1298 929 1376 de
955 1321 1062 1375 more
1088 1303 1262 1394 servatis,
1292 1299 1396 1398 Papa
1423 1299 1601 1377 absolvit.

716 1579 904 1658 Absolute
932 1581 1057 1658 officio
1084 1582 1363 1676 defunctorum,
1403 1587 1519 1682 prout
1553 1585 1698 1662 dictum
1726 1588 1797 1678 est,
1826 1583 1932 1681 Papa
1958 1606 2045 1663 cum

610 1724 802 1824 aliquibus
829 1727 1085 1805 cardinalibus
1112 1730 1265 1807 secessit
1292 1729 1519 1825 Vitcrbium,
1548 1735 1590 1808 et
1607 1731 1696 1808 inde
1713 1731 1762 1806 ud
1782 1736 1952 1808 montem
1970 1732 2043 1808 Fa·

609 1868 787 1944 liscorum
802 1873 842 1944 et
856 1874 1057 1968 praeterea
1083 1873 1131 1946 ad
1151 1872 1356 1950 Civitatem
1384 1879 1554 1953 veterem
1586 1879 1626 1951 et
1658 1873 1816 1966 Ostiam,
1847 1876 1984 1972 quibus
2004 1877 2044 1950 in

607 2013 699 2088 locis
737 2013 964 2111 quandoque
1004 2016 1203 2094 venationi
1240 2017 1475 2114 indulgebat.
1502 2016 1587 2094 Hoc
1619 2017 1802 2114 temporis
1838 2016 2043 2093 intervallo

607 2151 810 2231 cardinalis
838 2157 885 2232 de
913 2155 1060 2233 Gressis
1088 2157 1171 2250 (41)
1199 2160 1264 2255 qui
1292 2159 1485 2234 Bononiae
1513 2158 1580 2233 diu
1608 2126 1779 2232 moratus
1807 2160 1902 2249 erat,
1919 2179 2045 2234 rever-

606 2320 672 2374 sus
698 2301 758 2374 est
783 2299 825 2374 in
852 2301 988 2376 urbem
1016 2323 1143 2399 sospes
1171 2302 1232 2377 die
1260 2301 1546 2398 decimaquinta
1574 2302 1802 2378 novembris.

712 2579 784 2655 Die
812 2581 959 2656 venena
997 2581 1246 2657 decimanona
1274 2581 1493 2673 decembris,
1522 2583 1638 2656 sessio
1664 2583 1862 2657 undecima
1890 2581 2037 2656 concilii

605 2723 856 2801 lateranensis
871 2723 1005 2798 habita
1018 2724 1105 2798 fuit.
1122 2723 1205 2818 (42)
1226 2723 1282 2797 Ea
1297 2726 1425 2799 autem
1441 2727 1570 2816 sessio,
1586 2745 1684 2820 quas
1693 2723 1777 2820 jam
1796 2722 1923 2819 elapso
1939 2743 2039 2796 anuo

605 2844 728 2942 teneri
765 2863 917 2940 delebat
953 2864 1148 2960 usquead
1177 2863 1539 2961 praedictamdiem
1575 2869 1781 2962 prorogabo
1817 2865 1904 2956 luit,
1932 2885 2039 2961 prae·

596 2993 738 3084 ¹sertim
766 3008 814 3081 ob
851 3005 949 3082 hanc
977 3029 1143 3099 causam,
1172 3008 1263 3104 quia
1295 3009 1460 3104 praelati
1496 3030 1573 3084 non
1609 3010 1808 3085 cessabant
1844 3007 2039 3105 disputare

530 3129 535 3137 ⁸
605 3173 692 3226 cum
719 3149 905 3247 religiosis
932 3149 980 3225 de
1007 3149 1205 3228 concordia
1233 3151 1400 3228 ineunda
1427 3173 1542 3249 super
1578 3151 1889 3248 derogationibus
1921 3150 2039 3247 privi-

603 3293 791 3389 legiorum
818 3293 858 3367 in
884 3294 975 3367 muri
1001 3315 1124 3386 magno
1151 3297 1434 3370 contentorum.
1464 3295 1571 3382 Quod
1600 3296 1732 3372 videns
1764 3294 1956 3386 Pontifex,
1980 3294 2040 3369 die

603 3438 718 3511 lunae
755 3435 1037 3534 decimaquinta
1074 3436 1281 3512 decembris
1310 3439 1456 3512 vocatis
1484 3437 1524 3511 in
1552 3437 1688 3534 palatii
1722 3438 1931 3534 cappellam
1960 3459 2038 3511 om·

602 3577 714 3652 nibus
742 3579 935 3674 praelatis,
964 3579 1031 3674 qui
1059 3580 1216 3653 luerunt
1243 3579 1499 3673 septuaginta,
1517 3581 1558 3652 et
1585 3577 1840 3653 cardinalibus
1859 3579 2038 3672 quinque,

598 3717 715 3812 jussit
742 3718 902 3814 proponi
929 3721 1096 3814 quatuor
1132 3718 1302 3793 minutas
1340 3718 1531 3792 bullarum
1559 3741 1656 3814 quae
1692 3719 1733 3792 iu
1770 3717 1927 3793 concilio
1964 3715 2039 3810 legi

602 3861 803 3936 debebant.
817 3859 874 3933 Ex
892 3861 952 3936 his
972 3862 1095 3956 prima
1113 3861 1341 3958 respiciebat
1360 3861 1632 3936 concordatum
1645 3862 1748 3936 inter
1764 3861 1909 3957 Papam
1923 3863 1963 3934 et
1976 3880 2038 3933 re·

553 4069 560 4078 .
600 4023 687 4099 gem
727 4000 930 4091 Franciae;
968 4001 1133 4076 secunda
1168 4001 1407 4079 referebatur
1444 4002 1492 4076 ad
1529 4002 1820 4098 abrogationem
1858 4021 2035 4096 pragma·

601 4146 700 4220 ticos
726 4144 934 4220 sanctionis
960 4145 1000 4218 in
1027 4144 1199 4236 Francia,
1237 4146 1355 4220 tertia
1384 4143 1607 4219 continebat
1633 4143 1904 4217 inhibitionem
1945 4161 2031 4215 con·

601 4288 664 4359 tra
691 4284 845 4359 Fratres
881 4284 947 4378 qui
975 4283 1239 4378 praedicarent
1266 4285 1348 4360 sine
1387 4284 1542 4360 licentia
1578 4283 1868 4374 ordinariorum,
1897 4283 2036 4376 quarta

537 4490 539 4494 .
602 4449 692 4504 vero
720 4426 927 4502 exhibebat
953 4428 1166 4502 tractatum
1194 4426 1417 4503 concordiae
1457 4427 1558 4502 inter
1586 4425 1777 4523 praelatos
1805 4427 1845 4500 et
1872 4423 2035 4497 Fratres.

601 4571 741 4649 Verum
769 4572 932 4670 praelati
960 4571 1090 4668 primis
1130 4571 1254 4646 tribus
1282 4571 1397 4646 bullis
1425 4571 1570 4668 absque
1607 4570 1834 4646 difficultate
1877 4567 2035 4643 adhese-

599 4718 704 4808 runt,
733 4715 799 4790 sed
826 4719 989 4812 quartae
1016 4739 1156 4812 magna
1170 4737 1214 4790 er
1235 4719 1344 4811 parte
1364 4715 1611 4790 obstiterunt.
1632 4715 1755 4802 Quare
1774 4712 2037 4788 deliberarunt

599 4860 810 4936 cardinales
837 4860 898 4936 die
925 4860 1099 4957 sequenti
1127 4861 1167 4934 in
1193 4862 1328 4938 eadem
1357 4862 1528 4959 cappella
1546 4859 1682 4957 palatii
1709 4881 1851 4936 novum
1878 4877 2036 4932 examen

598 5026 713 5101 super
739 5007 932 5101 praedicto
960 5006 1114 5100 negotio
1141 5007 1305 5081 institui.
1334 5005 1404 5080 Die
1424 5006 1598 5102 sequenti
1616 5026 1746 5080 omnes
1772 5003 1935 5098 praelati
1965 5003 2035 5075 sub

598 5170 721 5246 poena
748 5148 967 5222 iterumad
995 5149 1328 5244 congregationem
1355 5151 1483 5226 vocati
1514 5151 1616 5240 sunt,
1646 5150 1686 5223 et
1726 5168 1786 5222 res
1824 5145 2035 5242 composita
2094 5125 2098 5133 ⁴

598 5294 658 5367 est
684 5292 733 5366 ad
775 5293 867 5366 vota
907 5291 1178 5387 praelatorum,
1217 5293 1309 5368 licet
1344 5293 1463 5368 etiam
1500 5292 1621 5388 aliqui
1662 5293 1796 5366 contra
1833 5289 2035 5366 senserint.

599 5433 769 5510 Tandem
796 5433 856 5507 die
896 5435 1084 5531 sequenti,
1113 5455 1212 5528 quae
1253 5431 1329 5507 luit
1366 5433 1470 5527 jovis
1511 5433 1612 5506 itum
1653 5434 1713 5506 est
1749 5431 1798 5505 ad
1841 5431 2035 5506 basilicam
