4970 6352
639 645 684 711 20
1193 665 1317 710 suarna
1340 665 1385 709 nn
1410 663 1525 709 unrsm

925 759 928 766 .
951 758 1053 766 ...η-ι...-
1067 759 1081 764 ..
1099 757 1370 766 ...mu-...n--a-——u—-u
1380 755 1545 764 --—-—·-.—.
1553 755 1701 764 ...nna-—
1998 757 2073 766 *-

638 885 894 962 cardinalibus
907 886 1171 981 praesentibus
1184 887 1225 960 in
1244 885 1468 962 consistorio
1487 885 1535 960 ad
1551 907 1719 961 cameras
1733 909 1822 962 suas
1837 886 2071 980 solemniter,

638 1033 768 1128 prouti
795 1033 940 1109 factam
969 1032 1045 1107 fuit
1071 1033 1142 1108 sub
1170 1031 1289 1124 Julio,
1318 1052 1405 1107 cum
1433 1029 1618 1106 cardinali
1635 1053 1665 1106 s.
1694 1029 1833 1105 Vitalis
1861 1031 1927 1127 qui
1946 1029 2074 1105 fuerat

637 1177 788 1276 legatus
815 1178 1008 1254 Perusiae.

744 1466 873 1542 Mense
900 1467 1128 1543 Novembris
1156 1468 1282 1566 Tyber
1310 1466 1441 1541 urbem
1461 1467 1618 1541 vexavit
1635 1465 1825 1538 inundans
1852 1486 1964 1539 omne
1978 1463 2073 1537 illud

637 1612 806 1708 spatium
834 1611 937 1708 quod
965 1635 989 1686 a
1016 1613 1148 1688 monte
1176 1610 1346 1687 Jordano
1373 1633 1506 1688 versus
1533 1610 1675 1686 llumen
1702 1610 1820 1686 situm
1848 1615 1908 1686 est
1936 1611 2031 1703 (29).

743 1895 789 1969 ln
826 1895 887 1970 die
915 1919 944 1970 s.
974 1894 1145 1988 Joannis,
1174 1895 1214 1969 in
1256 1866 1437 1994 cappella
1471 1897 1625 1972 missam
1666 1897 1839 1972 cantavit
1874 1893 2075 1972 cardinalis

636 2038 837 2132 presbyter
879 2059 909 2110 s.
938 2036 1077 2111 Vitalis
1113 2040 1153 2111 et
1192 2058 1405 2112 sermonem
1437 2036 1575 2111 habuit
1610 2037 1836 2111 secretarius
1870 2035 2072 2111 cardinalis

637 2175 683 2248 de
710 2174 814 2247 cibo.
845 2174 946 2248 Ante
977 2174 1131 2248 Missam
1160 2174 1266 2270 Papa
1285 2176 1515 2270 respondens
1542 2176 1588 2249 de
1607 2175 1754 2249 Grassis
1782 2175 1964 2270 magistre
1993 2197 2074 2249 cae·

636 2317 905 2408 remeniarum,
924 2316 1154 2414 significavit
1175 2317 1389 2391 donandam
1415 2317 1496 2413 regi
1523 2317 1785 2413 Portugnlliae
1807 2320 1957 2412 spatam
1984 2316 2074 2392 licet

635 2448 754 2532 etiam
782 2481 909 2532 rosam
939 2459 1061 2532 eidem
1088 2460 1159 2532 hoc
1189 2480 1290 2532 anno
1320 2459 1420 2532 dono
1440 2459 1617 2532 dedisset.
1646 2459 1770 2544 Quare
1797 2459 1902 2552 Papa
1928 2458 2071 2549 sedens,

635 2600 969 2675 circumstantibus
997 2599 1263 2691 cardinalibus,
1278 2601 1396 2696 jussit
1423 2599 1472 2672 ad
1499 2621 1540 2673 se
1569 2600 1699 2674 venire
1735 2604 1925 2674 oraturam
1962 2622 2071 2695 prae·

636 2740 726 2814 dicti
758 2741 870 2834 regis,
900 2741 960 2815 cui
1003 2740 1225 2834 simpliciter
1253 2740 1349 2813 dixit
1376 2743 1421 2813 ut
1461 2740 1649 2835 acciperet
1688 2744 1839 2834 spatam
1866 2763 1953 2815 cum
1984 2763 2070 2836 cap·

634 2881 735 2976 pelle
764 2884 805 2957 et
832 2881 1000 2957 deferret
1027 2904 1112 2957 eam
1140 2880 1188 2955 ad
1216 2902 1344 2979 regem
1373 2884 1419 2957 ut
1446 2904 1492 2958 ea
1520 2884 1698 2958 uteretur
1725 2885 1859 2957 contra
1890 2883 2072 2958 barbaras

632 3028 775 3121 gentas.
805 3025 902 3100 Turn
931 3030 1073 3118 orator,
1089 3030 1241 3122 recepta
1268 3029 1391 3122 spata,
1422 3026 1616 3102 esculatus
1644 3026 1777 3122 pedem
1808 3027 1945 3123 Papae,
1961 3049 2068 3121 prae·

632 3167 746 3242 cessit
773 3171 864 3242 ante
892 3168 1016 3262 ipsum
1044 3167 1189 3267 Papam
1216 3171 1265 3243 ad
1293 3190 1462 3244 cameras
1489 3173 1657 3243 euntem.
1687 3168 1855 3242 'Pandem
1892 3173 1978 3266 post
2011 3191 2067 3243 re·

633 3335 778 3388 cessum
806 3312 1060 3388 cardinalium
1087 3312 1270 3406 magister
1299 3311 1621 3386 caeremoniarum
1650 3313 1690 3385 et
1724 3313 1908 3408 magister
1935 3312 2069 3386 damus

634 3455 760 3550 Papae
787 3456 853 3549 qui
881 3458 966 3528 erat
984 3457 1206 3550 praeceptor
1229 3447 1360 3527 Sancti
1381 3452 1556 3547 Spiritus,
1576 3454 1760 3527 habentes
1787 3453 1956 3527 medium
1983 3475 2068 3526 ora·

633 3599 757 3669 torem
784 3595 960 3670 eumdem
980 3595 1221 3671 deduxerunt
1240 3595 1289 3668 ad
1307 3617 1417 3669 suam
1436 3595 1475 3668 in
1496 3595 1591 3670 arbe
1618 3594 1908 3685 habitationem,
1924 3592 2066 3690 absque

635 3735 720 3809 aliis
748 3737 930 3830 praelatis
958 3737 1096 3832 Papae.
