4948 6368
611 499 655 564 62
947 543 949 548 .
1156 517 1280 564 aaaron
1303 519 1348 564 aa
1372 517 1486 564 nauem

404 744 468 848 aar.
481 744 534 804 281
553 764 581 806 v.
716 736 811 812 Cum
839 737 996 814 Parides
1022 737 1069 814 de
1097 737 1225 814 Grassi
1252 738 1450 815 retulisset
1478 739 1604 838 Papae
1632 740 1679 815 de
1707 739 1898 837 aliquibus
1926 741 2043 839 signis

610 907 708 984 quae
736 885 815 984 ipse
843 884 1016 982 prodigia
1043 885 1217 978 vocabat,
1246 887 1287 962 et
1312 889 1468 983 rogaret
1496 887 1636 986 Papam
1666 890 1712 962 ut
1738 889 1888 986 probis
1920 888 2042 985 publi·

610 1051 677 1106 cae
703 1029 958 1127 processiones
985 1028 1131 1122 flerent,
1160 1027 1264 1129 Papa
1291 1031 1448 1127 negavit
1475 1030 1602 1108 dicens
1630 1030 1697 1107 illa
1722 1053 1800 1107 non
1828 1053 1909 1110 esse
1936 1031 2045 1131 signa

610 1176 676 1254 sad
706 1176 836 1253 omnia
862 1175 1069 1253 naturalia.

716 1320 791 1396 Illa
817 1325 951 1395 autem
978 1320 1136 1397 fuerunt
1160 1321 1208 1395 l.⁰
1235 1320 1396 1397 Pluviae
1414 1341 1555 1416 quoae
1574 1324 1703 1394 m'ense
1731 1319 1896 1395 octobris
1923 1340 2045 1416 usqua

610 1463 658 1538 ad
673 1462 924 1538 medietatem
938 1461 1120 1537 februarii
1139 1461 1374 1538 incessanter
1392 1463 1550 1538 luerunt
1568 1462 1629 1539 die
1647 1485 1692 1539 ac
1710 1467 2043 1562 nocte,et1nagna

610 1604 812 1679 inundatio
840 1604 1019 1679 fluminis.
1042 1605 1094 1679 2.⁰
1122 1603 1269 1700 Pulgur
1295 1605 1397 1701 quod
1424 1607 1465 1680 in
1494 1609 1620 1680 castro
1647 1631 1676 1680 s.
1705 1605 1843 1702 Angeli
1870 1610 2041 1682 statuam

610 1748 748 1844 Angeli
775 1747 908 1844 tetigit
941 1749 982 1822 et
1018 1747 1133 1821 aliam
1170 1748 1342 1844 projecit.
1382 1745 1433 1819 3⁹.
1468 1745 1628 1819 Abrasio
1656 1745 1832 1842 imaginis
1868 1745 2045 1822 Crucifixi

487 1937 491 1951 .
610 1908 709 1982 quae
746 1891 831 1962 arat
867 1888 970 1984 picta
997 1886 1038 1961 in
1066 1886 1210 1982 graffio
1245 1885 1317 1961 Dei
1343 1886 1471 1960 Patris
1499 1886 1539 1961 in
1566 1889 1723 1963 ecclesia
1759 1911 1789 1962 s.
1822 1888 2041 1984 Augustini.

610 2027 661 2101 4⁰.
691 2026 944 2100 Simulacrum
973 2025 1136 2100 Infantis
1164 2025 1255 2101 Jesu
1284 2047 1352 2120 per
1379 2026 1508 2122 fulgur
1535 2027 1738 2121 dejectum,
1767 2030 1808 2101 et
1835 2051 2044 2123 numquam

510 2189 513 2196 ·
608 2169 815 2262 repertum.
848 2149 903 2240 'tf
930 2164 1048 2240 Casus
1084 2166 1204 2240 crucis
1243 2164 1289 2238 de
1326 2167 1406 2241 alto
1444 2169 1667 2241 columnata
1703 2168 1882 2243 basilicae
1919 2169 2041 2244 sancti

608 2306 727 2382 Petri.
758 2307 810 2381 ll.⁰
839 2306 995 2381 Ablatio
1023 2306 1183 2398 hostiae,
1213 2310 1480 2403 perventum,
1510 2310 1755 2383 consecratae
1782 2309 1828 2385 de
1847 2333 1963 2384 manu
1984 2332 2043 2384 sa·

608 2449 772 2526 cardotis
799 2451 953 2525 missam
980 2449 1206 2526 celebrantis
1233 2448 1274 2522 in
1302 2451 1583 2544 camposancto.
1613 2448 1720 2547 Papa
1747 2451 1877 2526 autem
1897 2449 2045 2526 addidit

606 2594 654 2667 de
682 2595 741 2668 bis
767 2593 885 2690 signis
912 2594 967 2668 nil
1001 2593 1214 2669 timendum
1250 2593 1349 2668 circa
1378 2596 1520 2684 turcas,
1563 2614 1650 2667 cum
1686 2593 1819 2668 literas
1855 2584 2044 2688 reciperet

607 2736 709 2834 quod
737 2737 785 2811 ab
814 2737 1046 2832 imperatore
1074 2740 1116 2810 et
1141 2757 1231 2832 rege
1257 2735 1465 2834 Hispaniae
1492 2735 1711 2810 conclusum
1746 2735 1883 2812 fuisset
1910 2736 2043 2811 foedus

605 2880 819 2978 principum
845 2879 1141 2956 christianorum
1168 2890 1245 2955 non
1272 2881 1397 2956 solum
1424 2879 1474 2956 ad
1501 2879 1730 2956 obstandum
1749 2881 1879 2974 turcis,
1895 2880 1961 2957 sad
1991 2881 2041 2956 ad

606 3023 840 3101 invadendos
867 3045 932 3100 eos
958 3045 1080 3122 usque
1113 3023 1473 3122 Oestantinopolim.

571 3362 578 3378 .
712 3305 783 3378 Die
811 3305 1113 3400 vigesimatertia
1141 3304 1335 3395 februarii,
1351 3307 1393 3379 et
1419 3325 1495 3377 non
1522 3302 1843 3398 vigesimaprima,
1859 3301 1950 3398 qnia
1976 3300 2045 3376 do·

605 3443 756 3536 minica,
770 3448 812 3517 et
838 3466 916 3518 non
943 3443 1292 3539 vigesimasecunda
1320 3444 1410 3539 quia
1437 3444 1579 3516 festum
1606 3442 1821 3532 cathedrae,
1851 3441 1955 3516 iacta
1982 3446 2043 3516 est

557 3591 558 3594 ’
605 3588 721 3662 missa
734 3610 803 3684 pro
832 3587 1091 3664 anniversario
1121 3609 1148 3660 s.
1167 3610 1218 3660 m.
1247 3585 1344 3658 Julii
1364 3586 1502 3679 Papae,
1530 3588 1731 3678 praesente
1757 3583 1937 3680 pontifice
1957 3605 2044 3658 cum

606 3731 938 3826 trigintaquatuor
965 3727 1232 3802 cardinalibus.
1262 3725 1494 3801 Sacrificium
1524 3725 1694 3801 solemne
1712 3724 1945 3799 celebratum
1965 3721 2042 3794 fuit

606 3895 629 3946 a
657 3871 841 3946 cardinali
868 3869 1047 3967 aganensi
1075 3868 1190 3945 affine
1218 3870 1345 3965 Papae
1373 3867 1575 3941 demortui.
1605 3865 1699 3940 Post
1726 3865 1881 3938 missam
1913 3883 2043 3936 omnes

606 4011 816 4087 cardinales
843 4011 1095 4108 collegialiter
1121 4011 1276 4086 iverunt
1302 4009 1350 4082 ad
1379 4010 1592 4106 sepulcrum
1622 4008 1749 4104 Papae
1768 4007 1793 4081 J
1796 4006 1864 4082 ulii
1891 4008 2044 4103 praeter

605 4155 839 4233 cardinalem
853 4155 1135 4233 Sanctaecrucis
1151 4157 1242 4253 quia
1258 4154 1386 4229 luerat
1404 4152 1579 4250 privatus
1598 4152 1646 4226 ab
1666 4173 1723 4243 eo,
1752 4153 1793 4225 et
1818 4147 1933 4224 multi
1948 4145 2042 4222 rise-

606 4305 700 4376 runt
726 4302 773 4376 de
801 4301 872 4377 hac
898 4300 1160 4398 indignatione
1188 4275 1390 4375 cardinalis
1418 4302 1552 4374 contra
1581 4297 1724 4395 Papum
1754 4299 1961 4371 mortuum.

713 4589 759 4665 In
787 4588 952 4666 secunda
979 4587 1167 4663 dominica
1195 4585 1507 4684 quadragesimae
1535 4583 1688 4660 missam
1727 4582 1900 4662 cantavit
1931 4607 2038 4661 reve·

607 4733 747 4810 rendae
774 4733 1041 4828 spalatinensis
1069 4731 1188 4807 irater
1215 4731 1417 4807 cardinalis
1445 4728 1622 4815 Cornelii,
1651 4732 1692 4803 et
1712 4729 1788 4804 fuit
1812 4729 1894 4824 ejus
1918 4731 2040 4824 prima

608 4873 724 4947 missa
750 4874 914 4949 novella.
955 4873 1047 4947 Post
1078 4873 1279 4966 prandium
1317 4873 1422 4967 Papa
1458 4873 1616 4947 volebat
1652 4871 1707 4945 ire
1745 4872 1794 4945 ad
1830 4873 2037 4947 stationem

608 5031 707 5106 quaa
735 5012 820 5084 erat
852 5010 894 5083 in
921 5009 1088 5083 Ecclesia
1115 5031 1144 5082 e.
1182 5009 1326 5085 Mariae
1359 5009 1399 5083 in
1438 5009 1628 5083 dominica
1660 5009 1741 5083 sive
1776 5007 1816 5080 in
1852 5008 2041 5083 navicella

610 5173 726 5246 quam
753 5150 800 5223 de
828 5172 929 5228 novo
957 5141 1127 5224 construi
1147 5148 1301 5238 fecerat,
1330 5151 1460 5222 temen
1479 5170 1556 5223 non
1576 5147 1767 5243 equitavit
1784 5149 1939 5243 propter
1958 5145 2042 5241 plu·

611 5292 762 5370 viarum
790 5291 1052 5393 suspicionem.
