4970 6352
649 591 691 658 10
1200 612 1323 658 namon
1347 614 1393 659 na
1416 612 1530 660 unser

458 837 521 893 so.
541 837 576 928 u
594 855 617 895 r.
752 833 823 908 oie
850 857 877 909 s.
906 833 1044 909 Luciae
1071 833 1118 907 aa
1145 855 1272 909 menso
1300 833 1507 909 decembris
1535 800 1641 928 Papa
1669 835 1709 906 m
1736 855 1888 910 camera
1906 834 2002 908 surse
2022 857 2080 910 se-

646 975 759 1048 cundi
787 974 827 1048 in
854 997 923 1050 suo
950 977 1095 1071 palatio
1124 975 1359 1086 consecravit
1386 1000 1416 1050 r.
1437 976 1472 1049 d.
1494 975 1745 1049 Laurentium
1773 977 1933 1050 Putium
1961 977 2081 1051 cardi-

647 1118 774 1191 nalem
801 1139 850 1192 ss.
879 1121 1047 1215 quatuor
1074 1121 1345 1193 coronatorum
1372 1120 1639 1214 presbyterum
1669 1119 1707 1192 in
1735 1119 1964 1217 episcopum.
1995 1121 2081 1194 Duo

645 1259 812 1357 episcopi
839 1258 1051 1335 cardinales
1078 1262 1289 1334 astiterunt
1316 1263 1547 1352 consecrato,
1576 1265 1616 1334 et
1644 1261 1720 1335 duo
1748 1256 1897 1337 diaconi
1924 1267 1965 1339 et
1984 1287 2078 1359 quu-

645 1403 735 1475 tuor
762 1402 907 1476 nobiles
935 1422 1003 1496 pro
1031 1425 1133 1497 aqua
1159 1400 1287 1497 Papae
1315 1402 1452 1476 danda.

593 1717 616 1759 r.
750 1686 821 1762 Die
848 1687 1025 1763 mercurii
1064 1686 1384 1784 decimaquarta
1423 1688 1630 1763 decembris
1670 1691 1841 1764 oratores
1877 1710 1943 1765 sex
1971 1690 2077 1766 ducis

644 1829 850 1905 Mediolani
878 1830 1156 1928 praestiterunt
1183 1808 1440 1907 obedientiam
1460 1831 1586 1928 Papae
1613 1832 1653 1906 in
1673 1833 1897 1908 consistorio
1925 1835 2077 1929 puplico

585 2063 588 2070 Ι
643 1969 690 2044 de
708 1990 814 2063 more
832 1971 959 2061 solito,
979 1992 1142 2066 quorum
1161 1971 1265 2069 prior
1282 1971 1358 2046 fuit
1376 1971 1597 2048 Franciscus
1615 1970 1738 2046 Maria
1757 1972 1834 2045 dux
1848 1972 1939 2048 Bari
1958 1974 2079 2050 frater

643 2112 749 2186 ducis
775 2112 1081 2192 medionalensis.

589 2422 613 2462 r.
748 2396 819 2472 nse
845 2395 961 2470 tunae
989 2395 1133 2471 decima
1160 2417 1262 2470 nona
1289 2395 1427 2470 mensu
1455 2360 1663 2470 ascensura
1690 2391 1823 2472 hausu
1849 2397 1926 2472 fure
1962 2397 2077 2474 sessio

642 2540 780 2613 octava
808 2536 891 2628 (22)
920 2535 1069 2610 concilii
1101 2535 1352 2612 lateranensis
1378 2537 1427 2609 ad
1455 2537 1558 2632 quod
1588 2537 1695 2633 Papa
1722 2540 1813 2613 ante
1840 2538 1941 2613 diam
1967 2561 2076 2634 prae·

642 2678 782 2753 dictam
811 2677 968 2752 accessit
996 2699 1083 2752 curn
1110 2677 1286 2752 omnibus
1319 2676 1574 2752 cardinalibus
1602 2677 1668 2772 qui
1696 2680 1736 2751 in
1767 2679 1862 2753 urbe
1889 2681 1980 2752 sunt
2005 2703 2076 2751 nu·

640 2841 746 2894 mero
766 2818 1103 2915 vigintiquatuor,
1132 2821 1172 2892 et
1189 2817 1330 2891 ibidem
1344 2819 1589 2912 pernoctavit
1615 2841 1701 2894 cum
1729 2819 1920 2914 aliquibus
1948 2819 2073 2894 dome·

640 2962 744 3038 elicis
786 2959 1042 3036 cardinalibus
1076 2962 1117 3034 et
1144 2958 1338 3055 praelatis.
1362 2960 1552 3058 Reliquis
1586 2968 1717 3038 autem
1750 2985 1835 3038 oum
1868 2964 1969 3060 apud
1996 2987 2076 3038 am·

639 3103 901 3199 phitheatrum
919 3102 1000 3178 sive
1019 3101 1230 3177 (lolisaeum
1251 3105 1362 3194 esset,
1382 3106 1535 3179 veniam
1554 3105 1737 3180 redeundi
1757 3106 1807 3181 ad
1826 3107 1959 3181 urbem
1987 3129 2073 3180 con-

638 3246 761 3336 cessit,
791 3249 831 3319 at
858 3245 950 3340 quia
976 3243 1131 3340 pluviae
1158 3243 1357 3318 instabant
1384 3243 1490 3339 Papa
1517 3249 1620 3319 recta
1649 3245 1757 3321 vonit
1776 3244 1825 3318 ad
1844 3245 1955 3320 aedes
1971 3267 2072 3337 suas,

541 3417 549 3432 ·
638 3389 777 3463 omissa
789 3387 958 3463 basilica.
968 3386 1040 3462 Hic
1050 3390 1182 3462 autam
1197 3385 1354 3460 Parides
1369 3389 1482 3461 notat
1497 3387 1622 3484 Papae
1638 3386 1893 3478 devotionem,
1909 3387 2075 3484 quicum

637 3531 757 3606 scalas
771 3531 924 3606 sanctus
937 3549 1035 3624 quae
1048 3527 1164 3624 vulgo
1179 3526 1298 3603 Pilati
1312 3527 1503 3620 dicuntur,
1519 3533 1560 3605 et
1577 3552 1601 3604 a
1621 3530 1844 3604 mulieribus
1861 3529 2072 3626 genuflexis

637 3671 906 3762 ascenduntur,
921 3669 1072 3744 nonnisi
1092 3669 1328 3766 discooperto
1343 3675 1468 3769 capite
1487 3695 1531 3748 ao
1548 3694 1696 3770 semper
1716 3672 1861 3748 orando
1890 3673 2071 3764 ascendit,

637 3817 679 3889 et
705 3819 837 3888 tamon
863 3813 904 3886 in
932 3834 1082 3886 summo
1111 3833 1197 3886 cum
1225 3817 1326 3888 esset
1352 3816 1460 3909 quasi
1488 3815 1640 3889 veniam
1669 3839 1692 3889 a
1720 3815 1800 3889 Deo
1828 3815 1942 3911 petiit
1970 3813 2072 3909 quod

636 3977 714 4030 non
726 3955 948 4052 genuflexus
962 3953 1113 4029 easdem
1127 3958 1278 4031 sanetas
1291 3956 1412 4030 scalas
1426 3957 1665 4032 ascendisset.
1682 3957 1727 4031 In
1741 3957 1927 4033 comitatu
1942 3961 2071 4033 autem

637 4097 833 4172 Pontificio
860 4097 908 4170 ad
936 4095 1169 4170 Lateranum
1197 4098 1399 4192 pergentis,
1429 4098 1556 4194 plures
1585 4101 1756 4173 oratores
1794 4099 1954 4174 fuerunt
1981 4098 2072 4173 Gae-

637 4241 743 4332 saris‚
773 4241 813 4316 et
839 4239 1051 4314 multorum
1080 4258 1213 4334 regum
1241 4219 1281 4314 ot
1309 4241 1522 4336 principum
1549 4261 1593 4316 ac
1620 4239 2002 4336 Iterrrmpublioarum
2031 4243 2072 4314 et

637 4387 755 4462 etiam
783 4386 888 4462 ducis
925 4385 1015 4460 Bari
1051 4384 1182 4460 fratris
1215 4386 1320 4461 ducis
1355 4384 1574 4462 Mediolani.
1613 4384 1658 4458 In
1687 4384 1748 4460 die
1784 4388 1916 4459 autem
1956 4383 2071 4458 lunae

636 4530 830 4626 praedicto
858 4530 963 4626 Papa
990 4529 1200 4604 celebravit
1226 4531 1381 4605 missam
1409 4530 1449 4603 in
1477 4549 1639 4618 camera,
1658 4549 1703 4602 ac
1732 4549 1801 4622 pro
1816 4525 2071 4601 cardinalibus

636 4671 830 4768 praelatis,
850 4692 894 4747 ae
912 4669 1156 4768 principibus,
1177 4674 1219 4746 et
1246 4672 1330 4747 aliis
1350 4671 1546 4748 comedere
1566 4670 1785 4747 volentibus
1803 4689 1938 4766 parare
1957 4691 2068 4764 pran-

636 4815 741 4888 dium
769 4813 873 4904 fecit,'
888 4815 928 4887 et
945 4813 1060 4886 multi
1087 4812 1216 4909 pransi
1243 4817 1346 4889 sunt.
1367 4813 1513 4888 Deinde
1532 4813 1580 4887 ad
1608 4813 1733 4886 locum
1761 4809 1936 4886 sessionis
1963 4809 2070 4886 venit

638 4955 703 5029 ubi
721 4953 922 5049 missaper
940 4954 1139 5028 sacristam
1158 4953 1258 5028 lecta
1277 4955 1363 5050 luit.
1393 4954 1523 5028 Finita
1550 4955 1666 5028 missa
1694 4975 1905 5027 sermonem
1933 4951 2071 5024 habuit

636 5093 792 5190 quidam
819 5095 1000 5168 rodianus
1026 5092 1197 5167 Joannes
1224 5095 1400 5190 Baptista
1428 5094 1550 5190 Garga
1576 5093 1754 5168 senensis.
1783 5093 1924 5167 Postea
1966 5093 2070 5188 Papa

636 5233 743 5308 dedit
769 5233 1073 5309 benedictionem
1102 5235 1321 5325 solemnem,
1351 5239 1391 5310 ot
1418 5237 1549 5309 orator
1576 5234 1701 5309 adhuc
1719 5238 1826 5308 stans
1854 5235 1893 5306 in
1920 5232 2069 5328 pulpito

635 5374 849 5485 publicavit
884 5374 1163 5471 indulgentiam
1195 5380 1341 5472 septem
1380 5397 1580 5450 annorum.
1617 5376 1755 5450 Omnes
1791 5375 2001 5450 cardinales
2029 5377 2071 5447 et
