4948 6368
567 617 568 622 ἵ
592 525 636 596 66
733 527 735 532 ’
1142 546 1268 592 ramos
1292 547 1337 592 or.
1361 544 1476 592 osussr

591 767 783 845 orationes
801 769 1014 861 consuetas,
1034 767 1322 873 quibosflnitis,
1341 768 1545 845 cardinalis
1564 770 1758 847 osculatus
1778 794 1946 865 manum,
1966 793 2030 870 pe·

591 909 676 984 dem
705 912 746 984 et
772 931 814 983 os
841 909 979 1006 Papae,
995 909 1093 984 abiit
1119 908 1256 984 ductus
1274 933 1299 985 a
1318 911 1476 1006 collegio
1504 909 1554 985 ad
1572 915 1724 1007 portam
1751 934 1849 1008 quae
1867 917 1927 988 est
1941 917 2032 989 ante

591 1051 803 1127 terrionem
830 1051 981 1149 plateas
1009 1049 1045 1126 S.
1077 1050 1193 1144 Petri,
1210 1051 1276 1125 ubi
1299 1055 1410 1127 extra
1429 1072 1515 1127 eam
1533 1051 1736 1128 cardinalis
1754 1053 1906 1151 legatus
1927 1075 2033 1130 oscu-

591 1195 695 1269 latus
722 1197 781 1271 est
808 1216 938 1270 omnes
965 1197 1005 1270 et
1030 1194 1201 1292 singulos
1215 1192 1437 1286 cardinales,
1457 1198 1498 1271 et
1516 1197 1570 1271 sic
1586 1197 1674 1272 mle
1696 1195 1811 1290 dicto,
1831 1197 1929 1273 abiit
1947 1218 2033 1275 rer·

591 1359 656 1412 sus
684 1357 836 1412 crucem
863 1335 1004 1412 montis
1031 1335 1156 1411 Marii.
1185 1335 1274 1411 Alia
1301 1339 1348 1410 ut
1374 1336 1482 1412 aliae.

699 1617 771 1693 Die
796 1619 911 1691 lunae
940 1619 1124 1714 vigesima
1151 1639 1253 1692 nona
1280 1618 1378 1693 circa
1404 1616 1494 1690 sciis
1509 1637 1695 1708 occasum
1715 1616 1917 1692 cardinalis
1932 1617 2032 1693 Ban-

593 1759 757 1836 dinellus
772 1760 819 1835 da
833 1758 958 1836 Saulis
977 1763 1153 1836 mortuus
1172 1762 1242 1854 est,
1259 1763 1300 1837 et
1318 1759 1493 1856 sepultus
1511 1761 1571 1835 est
1589 1760 1629 1834 in
1648 1760 1804 1835 ecclesia
1822 1781 1851 1834 s.
1870 1758 2033 1836 Sabinae

594 1927 710 2002 quam
738 1905 786 1979 ab
815 1904 927 1979 initio
955 1905 996 1978 in
1024 1903 1185 1979 titulum
1213 1905 1413 1996 habuerat,
1443 1904 1532 1979 licet
1558 1926 1660 1979 nunc
1687 1906 1787 1980 esset
1813 1903 1894 1980 eine
1915 1904 2033 1979 titulo

593 2047 635 2118 et
647 2045 729 2120 sine
746 2043 949 2137 beneficiis,
970 2065 1014 2119 ac
1032 2047 1305 2142 quamtumvis,
1324 2043 1527 2120 cardinalis
1547 2046 1750 2139 diceretur,
1769 2048 1902 2122 tamen
1920 2044 2033 2121 domo

593 2208 805 2285 numquam
832 2187 964 2264 exivit.

558 2523 565 2539 ·
700 2476 745 2550 ln
765 2476 827 2552 ‹lia
846 2476 1022 2552 mercurii
1040 2477 1198 2553 fuorunt
1221 2476 1436 2552 matutinae
1458 2478 1693 2571 tenebrosae,
1714 2480 1913 2575 praesente
1928 2479 2034 2575 Papa

594 2621 635 2693 at
648 2618 903 2693 cardinalibus
916 2619 1077 2714 triginta
1091 2621 1267 2714 quatuor.
1279 2619 1372 2694 Tres
1385 2622 1531 2716 primae
1546 2621 1840 2697 lamentationes
1850 2622 2034 2698 recitatae

594 2760 765 2852 fuerunt,
793 2759 917 2857 prima
944 2781 1012 2857 per
1045 2760 1223 2858 hispanos
1265 2761 1578 2857 lamentabiliter,
1620 2765 1786 2842 secunda
1812 2786 1880 2863 por
1910 2765 2032 2861 gallos

432 2901 449 2957 ἓ
594 2903 717 2996 docte,
747 2902 866 2977 tertia
893 2923 961 2998 per
987 2901 1102 2977 italos
1129 2903 1302 2978 dulciter.

543 3225 567 3264 r.
704 3186 749 3260 In
777 3185 839 3262 die
867 3184 1015 3262 veneris
1042 3186 1198 3282 majoris
1227 3185 1472 3279 ebdomadae,
1486 3186 1664 3262 habitum
1692 3187 1768 3262 fnit
1781 3188 1950 3264 cilicium
1967 3211 2034 3287 per

594 3327 826 3404 cardinalem
853 3349 1080 3426 aganemem
1106 3328 1293 3426 majorem
1320 3329 1669 3427 poenitentiarium.
1698 3330 1919 3406 Passionem
1946 3353 2033 3406 can·

594 3473 684 3548 tant
711 3473 815 3548 solus
842 3473 978 3548 cautor
1019 3472 1212 3571 Pignaflor
1253 3473 1435 3572 hispanus
1472 3494 1577 3549 moro
1610 3472 1782 3571 hispano,
1811 3495 1898 3549 curn
1939 3473 2035 3550 alias

594 3639 743 3715 semper
769 3621 849 3694 tres
889 3621 1064 3694 cantores
1105 3619 1372 3696 consueverint
1413 3621 1582 3696 cantore.
1610 3617 1716 3714 Papa
1753 3618 1854 3696 cruci
1891 3619 2035 3696 obtulit

596 3761 876 3859 quinquaginta
903 3760 1062 3838 ducatos
1089 3763 1174 3839 auri
1202 3766 1243 3839 et
1269 3767 1422 3839 cantum
1446 3762 1576 3860 julios.

561 4088 568 4103 ·
704 4046 750 4120 ln
777 4045 948 4143 cappella
976 4046 1103 4145 papali
1131 4050 1218 4144 post
1253 4051 1409 4124 missam
1437 4047 1512 4124 diei
1539 4048 1673 4123 mortis
1715 4047 1902 4146 paschalis
1931 4047 2034 4144 Papa

597 4192 743 4267 creavit
768 4191 931 4267 militem
959 4191 1231 4267 Ramazottum
1258 4195 1541 4286 bononiensem,
1570 4195 1636 4289 qui
1664 4192 1740 4266 fuit
1758 4192 1812 4266 ibi
1839 4190 2033 4266 Bononiae

596 4335 642 4407 ut
669 4333 891 4428 capitaneus
916 4332 1123 4430 deputatus
1151 4337 1284 4409 contra
1303 4334 1507 4411 factionem
1536 4335 1836 4410 Bentivolorum.
1865 4332 1970 4429 Papa
1998 4331 2032 4406 ai

596 4474 755 4553 donarit
781 4479 960 4571 torquem
987 4475 1080 4550 satis
1108 4475 1307 4572 pulchrum
1334 4473 1476 4554 valoris
1504 4477 1730 4552 ducatorum
1757 4478 1922 4550 centurn.

703 4757 774 4832 Die
801 4758 918 4833 lunae
945 4757 1257 4834 decimasecunda
1285 4759 1420 4858 aprilis
1438 4762 1518 4834 tres
1537 4758 1655 4856 legati
1675 4757 1788 4833 simul
1809 4778 2037 4833 recesseram

596 4923 642 4976 ex
670 4901 905 4992 consistorio,
921 4901 1100 4976 videlicet
1114 4903 1258 4998 primus
1274 4905 1320 4980 de
1339 4902 1553 4998 Campegio,
1568 4902 1754 4977 secundus
1770 4900 1973 4996 Aegydius,
1994 4905 2036 4975 ot

596 5043 736 5117 tertius
763 5065 792 5116 e.
812 5042 956 5116 Mariae
975 5045 1014 5116 in
1033 5044 1193 5140 porticu.
1214 5045 1258 5118 ln
1278 5044 1353 5118 lino
1373 5043 1586 5118 consistorii
1614 5041 1652 5116 hi
1673 5045 1751 5116 tres
1779 5041 1896 5138 legati
1915 5063 2034 5136 gencr-

555 5281 558 5290 .
597 5186 685 5262 flexi
713 5186 871 5263 luerunt
897 5207 983 5262 cum
1001 5187 1165 5266 lectione
1182 5188 1297 5264 solita
1316 5211 1383 5288 per
1402 5213 1540 5287 papam
1555 5186 1755 5280 licentiati,
1775 5189 1816 5264 ct
1834 5210 1857 5262 a
1876 5185 2034 5281 collegio

598 5330 703 5407 ducti
730 5353 851 5428 usqua
869 5330 918 5406 ad
936 5331 1186 5409 diversorium
1206 5335 1362 5410 solitum
1380 5335 1479 5411 circa
1498 5337 1682 5434 angulum
1702 5335 1788 5412 viae
1806 5332 1854 5408 de
1873 5331 2033 5430 Populo.
