4970 6352
663 653 707 723 48
1217 679 1340 726 rancun
1362 679 1409 725 nc
1432 677 1547 724 onear

663 899 723 970 est
749 918 835 973 cum
875 898 1058 974 cardinali
1099 901 1340 992 anconitano,
1369 900 1506 976 deinde
1532 900 1687 977 vocavit
1713 899 1761 974 ad
1789 921 1830 974 se
1866 898 2094 975 cardinalem

663 1061 692 1112 s.
710 1039 861 1137 Georgii
878 1045 920 1116 et
933 1043 1164 1118 cardinalem
1184 1044 1434 1120 deParnesio.
1450 1045 1669 1120 Virautem
1684 1045 1929 1119 cardinalias.
1945 1044 2095 1140 Georgii

663 1182 854 1276 ingressus
882 1184 1023 1277 fuerat,
1061 1187 1166 1284 Papa
1194 1189 1369 1264 eumdem
1407 1189 1446 1264 in
1474 1212 1544 1263 sna
1579 1211 1730 1264 camera
1757 1187 1975 1263 introclusit
2010 1211 2096 1262 cum

663 1326 863 1422 capitaneo
891 1329 1026 1424 palatii
1055 1333 1096 1406 et
1124 1330 1210 1409 aliis
1241 1331 1472 1407 custodibus.
1512 1331 1730 1408 cardinales
1766 1335 1896 1407 autem
1924 1329 2097 1415 ridentes

664 1492 762 1564 quae
790 1472 1019 1548 eveniebant
1045 1474 1183 1550 clarius
1202 1475 1423 1552 aPontifice
1450 1477 1725 1552 intellexerunt
1742 1500 1897 1552 causam
1915 1479 2097 1573 capturae

664 1614 866 1691 cardinalis
892 1639 921 1693 s.
952 1617 1115 1715 Georgii.
1145 1619 1415 1718 cognoverunt
1440 1621 1541 1696 enim
1575 1623 1670 1696 duos
1711 1620 1920 1697 cardinales
1947 1621 1987 1695 in
2015 1642 2094 1697 car·

663 1779 747 1834 cere
775 1759 953 1836 detentos
980 1763 1169 1838 confessos
1197 1786 1276 1840 esse
1304 1765 1536 1842 cardinalem
1551 1790 1580 1843 s.
1600 1766 1753 1864 Georgii
1772 1768 1961 1843 conscium
1982 1767 2097 1842 luisse

664 1900 957 1995 conspirationis
984 1903 1024 1978 in
1052 1903 1195 2001 Papam
1223 1927 1338 2002 super
1366 1929 1513 1985 veneno
1542 1909 1745 2001 miscendo,
1774 1911 1816 1984 et
1842 1909 1974 1984 ambos
2009 1931 2097 1984 con·

663 2041 813 2116 venisse
830 2064 917 2139 oum
944 2044 1127 2119 cardinali
1146 2067 1176 2120 s.
1192 2045 1344 2140 Georgii
1372 2048 1474 2142 quod
1493 2048 1525 2122 si
1544 2049 1650 2146 Papa
1674 2072 1792 2148 causa
1819 2049 1955 2125 veneni
1974 2070 2096 2123 more·

662 2183 782 2272 retur,
802 2184 874 2278 ipsi
892 2183 1006 2260 simul
1025 2208 1113 2261 curn
1132 2187 1216 2261 aliis
1234 2186 1411 2261 eumdem
1430 2189 1660 2286 cardinalem
1680 2211 1708 2264 e.
1726 2189 1878 2284 Georgii
1897 2192 1937 2264 in
1951 2189 2095 2286 Papam

664 2327 944 2404 renuntiarent.
1055 2357 1062 2372 ·

770 2608 815 2684 In
843 2609 904 2685 die
942 2611 1185 2687 Pentecostes
1211 2612 1326 2687 missa
1366 2616 1523 2689 cantato
1559 2615 1635 2688 fuit
1671 2615 1712 2688 in
1749 2615 1905 2690 ecclesia
1930 2636 1961 2690 s.
1989 2616 2096 2689 Petri

663 2770 729 2846 per
755 2751 986 2825 cardinalem
1000 2751 1162 2827 Sanctae
1178 2751 1317 2842 Crucis,
1336 2755 1419 2828 loco
1437 2754 1686 2829 cardinalias.
1704 2755 1855 2849 Georgii
1873 2755 1940 2851 qui
1968 2755 2096 2829 fuerat

661 2890 930 2968 incarceratus.
958 2891 1097 2968 Nullus
1116 2892 1192 2967 fuit
1209 2915 1332 2967 sermo
1352 2894 1442 2988 quia
1469 2893 1671 2969 cardinalis
1689 2894 1884 2970 celebrans
1903 2895 1949 2970 de
1967 2897 2094 2991 gratia

662 3033 733 3109 hoo
769 3011 966 3131 expetivit.
995 3037 1100 3132 Papa
1127 3039 1257 3112 autem
1285 3038 1433 3112 remisit
1460 3038 1771 3114 deliberationem
1800 3039 1849 3112 ad
1886 3038 2095 3114 cardinales

588 3164 596 3178 ⁸
662 3177 727 3273 qui
754 3180 834 3253 suis
861 3181 962 3256 votis
988 3181 1200 3277 probarunt
1227 3203 1436 3256 sermonem
1465 3181 1682 3256 habendum
1709 3204 1786 3255 non
1813 3203 1905 3257 esse.
1935 3181 2016 3268 Quo
2032 3182 2093 3277 ju·

662 3323 759 3400 dicio
788 3325 1040 3400 ostenderunt
1075 3326 1147 3400 sibi
1185 3347 1261 3401 non
1302 3321 1450 3422 placore
1491 3315 1800 3404 concionatorem
1841 3327 2093 3424 designatum,

661 3491 797 3563 nempe
812 3469 1025 3544 Zaccariam
1053 3470 1217 3545 electum
1245 3472 1445 3545 titularem
1459 3472 1560 3567 quod
1580 3473 1659 3569 ipse
1678 3472 1806 3547 luerat
1821 3471 2093 3545 schismaticus.

663 3611 881 3689 Hadrianus
909 3617 1040 3690 autem
1067 3614 1211 3689 obtulit
1238 3614 1365 3713 Papae
1392 3639 1511 3690 unum
1540 3637 1609 3711 par
1627 3637 1820 3712 pavonum
1838 3614 1871 3688 si
1890 3635 1966 3688 non
1986 3613 2095 3688 lieret

662 3777 797 3848 sermo,
827 3761 869 3832 et
894 3758 1001 3855 Papa
1026 3758 1191 3835 libenter
1218 3759 1450 3835 oblationem
1478 3759 1635 3854 excepit.

768 4041 839 4116 Die
878 4041 994 4116 lunae
1029 4043 1166 4117 octava
1198 4041 1299 4137 junii
1335 4043 1440 4137 Papa
1467 4042 1506 4116 in
1533 4041 1756 4116 consistorio
1793 4041 1926 4116 sedens
1955 4041 2094 4133 voluit,

662 4183 716 4258 ibi
743 4185 1007 4280 praesentibus
1034 4183 1262 4275 oratoribus,
1290 4185 1451 4260 tractari
1479 4185 1527 4260 do
1554 4184 1703 4258 duobus
1723 4183 1874 4260 noviter
1908 4183 2094 4258 traductis

663 4328 862 4420 tamquam
898 4327 1055 4402 consciis
1090 4327 1380 4423 conspirationis
1407 4329 1447 4401 in
1476 4327 1598 4401 vitam
1632 4325 1838 4402 Pontilicis.
1875 4324 1968 4399 Gum
2002 4348 2093 4402 vero

663 4467 767 4562 Papa
794 4473 968 4546 vocasset
994 4474 1164 4546 oratores
1192 4471 1258 4568 qui
1285 4473 1394 4546 extra
1420 4467 1688 4544 consistorium
1717 4469 1981 4565 expectabant,
2007 4491 2093 4544 con·

662 4633 794 4686 versus
822 4612 870 4686 ad
898 4607 1108 4688 cardinales
1136 4615 1234 4689 dixit
1251 4616 1290 4688 in
1309 4635 1425 4689 causa
1449 4611 1740 4708 conspirationis
1768 4613 2026 4708 praeterires
2055 4610 2094 4682 in

663 4776 810 4829 carcere
839 4755 1025 4847 detentos,
1055 4744 1159 4832 alios¹
1177 4759 1217 4831 in
1245 4759 1356 4854 culpa
1383 4779 1476 4846 esse,
1506 4778 1645 4852 eosque
1673 4755 1823 4846 monuit¹
1864 4758 1909 4828 ut
1949 4753 2094 4829 crimen

661 4919 775 4972 suum
802 4897 1076 4973 confiterentur
1103 4900 1135 4974 ei
1161 4900 1306 4976 vellent
1334 4897 1612 4994 indulgentiam
1633 4899 1807 4994 experiri.
1837 4895 1981 4971 Deinde
2008 4919 2094 4993 pro-

661 5039 765 5134 prius
793 5039 973 5114 accedens
1000 5040 1049 5113 ad
1076 5063 1161 5115 reos
1188 5041 1450 5135 designandos,
1482 5041 1628 5113 omissis
1655 5043 1787 5114 tamen
1814 5060 1947 5112 eorum
1974 5041 2095 5111 nomi·

660 5179 785 5270 nibus,
814 5181 1043 5274 conquestus
1070 5183 1129 5252 est
1155 5179 1195 5252 in
1223 5180 1446 5254 consistorio
1474 5179 1575 5275 quod
1603 5178 1679 5252 duo
1707 5178 1773 5250 alii
1811 5176 2021 5251 cardinales
2050 5196 2096 5248 er

660 5318 719 5394 his
748 5320 814 5416 qui
842 5319 881 5392 in
899 5319 1123 5394 consistorio
1142 5319 1336 5411 sedebant,
1357 5320 1494 5396 conscii
1512 5321 1643 5394 essent
1668 5317 1942 5412 conjurationis
1971 5317 2096 5392 iactae

661 5485 728 5564 per
754 5462 844 5538 illos
872 5463 939 5564 qui
968 5463 1009 5540 in
1037 5463 1193 5542 castello
1222 5468 1326 5563 snut,
1346 5467 1387 5540 et
1404 5463 1461 5538 nit
1478 5485 1518 5539 se
1531 5460 1643 5540 valde
1670 5460 1799 5540 mirari
1827 5463 1868 5537 et
1893 5459 2021 5536 dolere
2048 5457 2095 5536 de
