4970 6352
849 786 883 834 ra
906 786 1022 833 urnrro
1045 785 1081 831 or
1103 782 1186 831 rara
1209 783 1317 830 arona
1340 761 1372 830 l.
1789 757 1831 823 37

505 967 550 1082 ln
578 1005 711 1083 eodem
741 1006 964 1082 consistorio
996 1003 1101 1100 Papa
1133 1001 1284 1074 illmum
1317 998 1352 1072 d.
1389 997 1639 1073 Laurentium
1682 993 2044 1070 deMe-F01.1vvv.

381 1149 491 1224 'dicis
510 1149 593 1240 (40)
612 1149 789 1242 nepotem
809 1169 919 1220 suum
940 1144 1086 1220 creavit
1113 1144 1246 1218 ducem
1266 1143 1554 1216 urbinatensem
1573 1143 1614 1215 et
1633 1137 1831 1214 dominum

399 1293 479 1366 sive
498 1294 723 1394 perpetuqm
748 1280 934 1366 'vicariurn
963 1289 1112 1362 Pisauri
1139 1288 1179 1360 in
1207 1287 1382 1361 omnibus
1410 1288 1450 1361 et
1477 1283 1703 1382 peremnia,
1733 1283 1834 1358 sicut

399 1432 556 1509 solitum
583 1434 642 1509 est
669 1432 716 1508 de
743 1431 934 1508 creatione
961 1430 1052 1508 novi
1079 1430 1186 1508 ducis
1216 1431 1309 1507 fieri.

505 1717 576 1793 Die
604 1715 751 1793 veneris
779 1715 927 1792 decima
953 1717 1090 1791 octava
1116 1712 1340 1812 septembris
1363 1713 1479 1811 Papa,
1508 1709 1638 1786 solatii
1657 1707 1832 1806 capiendi
1864 1707 2005 1768 c1cav.

400 1883 525 1952 carrea,
554 1881 598 1934 ex
626 1859 720 1934 urbe
739 1857 911 1935 discessit
940 1881 1016 1932 unu
1043 1879 1129 1934 cum
1147 1857 1338 1953 aliquibus
1361 1853 1617 1931 cardinalibus
1646 1854 1686 1929 et
1700 1873 1833 1928 versus

399 2001 615 2078 viterbium
643 2000 836 2098 profectus
863 2003 933 2077 ost.
963 2001 1069 2077 Idem
1089 2000 1178 2076 ante
1197 2019 1310 2072 suum
1329 1993 1532 2068 discessum
1553 1989 1743 2067 commisit
1761 1989 1837 2062 Pa·

400 2145 475 2219 ridi
492 2149 536 2220 ut
554 2166 620 2240 pro
640 2144 756 2219 missa
775 2143 1000 2220 celebranda
1020 2143 1059 2217 in
1079 2140 1237 2246 civitate
1255 2134 1478 2214 viterbiensi
1505 2132 1663 2209 infesto
1689 2133 1740 2208 ss.
1768 2128 1837 2205 Oo-
1898 2227 1900 2233 k

402 2311 505 2362 smae
533 2292 574 2363 et
602 2249 779 2363 Damiani
797 2292 972 2365 cantores
991 2288 1041 2362 ad
1060 2309 1148 2363 eum
1166 2285 1352 2360 mitteret.
1381 2279 1582 2356 Mandavit
1609 2281 1740 2352 autem
1767 2277 1840 2372 ipsi

402 2430 531 2506 Paridi
561 2434 605 2507 ut
632 2435 851 2509 accuratam
871 2432 1098 2508 relationem
1118 2427 1315 2505 exhiberet
1343 2423 1389 2500 de
1417 2421 1593 2498 omnibus
1613 2441 1712 2517 quae
1732 2440 1838 2516 pera·

402 2577 527 2671 ganda
545 2579 657 2653 erant
675 2573 744 2652 s'uo
759 2577 904 2673 judicio
924 2579 970 2651 ut
988 2597 1104 2673 nepos
1123 2572 1206 2666 ejus
1226 2565 1456 2664 Laurentius
1475 2564 1521 2640 de
1541 2562 1695 2639 Medicis
1720 2559 1842 2659 pridie

403 2721 545 2795 ducatu
574 2720 722 2812 Urbini,
752 2721 992 2817 praefectura
1012 2718 1117 2793 urbis
1135 2717 1178 2790 et
1204 2711 1373 2787 dominio
1402 2708 1613 2806 pisaurensi
1636 2709 1685 2783 ab
1713 2729 1758 2783 eo
1777 2705 1841 2783 de·

402 2864 566 2954 conatus,
596 2862 808 2958 insignibus
836 2861 1085 2936 investiretur
1103 2861 1144 2933 et
1162 2857 1294 2931 debito
1313 2856 1459 2929 honore
1486 2853 1712 2929 efficeretur.
1751 2850 1841 2937 uui-

400 3002 471 3078 bus
499 3004 626 3100 Papae
655 3002 849 3078 mandatis
878 3001 1034 3076 Parides
1063 2999 1271 3097 obsequtus
1299 3001 1370 3074 est.

510 3282 688 3357 Pontifex
716 3285 920 3378 postquam
946 3281 1090 3357 Romae
1124 3282 1312 3357 abluisset
1339 3304 1407 3379 per
1434 3281 1529 3355 duos
1556 3302 1704 3356 menses
1737 3281 1778 3356 et
1803 3280 1844 3382 in
1871 3283 1964 3344 2184
1980 3301 2007 3374 rg

404 3419 538 3498 vicinis
566 3421 658 3498 locis
686 3422 901 3498 diversatus
928 3423 1029 3497 esset
1046 3423 1261 3518 spatiando,
1280 3423 1458 3502 venando
1485 3425 1526 3500 et
1552 3423 1732 3523 piscando
1756 3445 1857 3516 curn¹

405 3569 596 3666 aliquibus
631 3567 898 3659 cardinalibus,
927 3566 1085 3643 tandem
1112 3570 1152 3643 in
1180 3570 1315 3645 urbem
1343 3591 1517 3646 reversus
1545 3572 1616 3663 est,
1636 3569 1697 3646 die
1729 3571 1845 3647 lunae

404 3711 542 3810 viginti
556 3712 654 3802 octo,
674 3712 715 3785 et
733 3708 795 3785 die
813 3709 989 3786 mercurii
1009 3710 1275 3787 consistorium
1297 3711 1437 3806 tenuit,
1453 3711 1718 3810 praesentibus
1734 3711 1845 3810 quin·

405 3853 528 3932 decim
555 3853 823 3931 cardinalibus.

513 4139 557 4214 In
585 4137 718 4238 vigilia
744 4129 915 4215 omnium
943 4135 1169 4216 Sanctorum
1196 4160 1378 4238 vesperae
1406 4139 1563 4217 habitae
1581 4142 1675 4215 sunt
1691 4138 1732 4214 in
1760 4131 1853 4237 cap?
1874 4141 1897 4202 s·
1915 4141 1968 4201 184
1985 4159 2009 4200 r.

406 4284 508 4384 pella
535 4283 662 4381 papali
689 4305 756 4383 per
783 4283 939 4380 Papam,
954 4286 995 4359 et
1022 4283 1222 4381 collegium
1260 4306 1366 4361 more
1393 4283 1520 4376 solito,
1549 4284 1589 4358 in
1631 4306 1708 4380 quo
1749 4283 1847 4358 nihil

407 4429 498 4505 novi
526 4429 666 4505 evenit.
695 4428 741 4503 In
769 4427 830 4503 die
857 4427 998 4503 ibidem
1028 4433 1172 4504 utnon
1200 4429 1239 4503 in
1267 4432 1399 4504 sancto
1428 4428 1543 4503 Petro
1582 4430 1737 4524 propter
1764 4427 1847 4523 plu·

407 4573 490 4649 vias
526 4573 682 4647 missam
719 4571 928 4648 celebravit
968 4572 1171 4647 cardinalis
1209 4595 1239 4647 e.
1269 4571 1407 4668 Georgi
1445 4573 1677 4647 camerarius
1706 4571 1747 4644 et
1787 4570 1850 4645 de·

409 4736 526 4791 canus
553 4713 714 4811 collegii.
735 4713 956 4790 Sermonem
984 4714 1075 4790 fecit
1099 4737 1130 4789 r.
1150 4716 1260 4810 pater
1287 4713 1463 4788 dominus
1491 4710 1684 4787 Antonius
1711 4709 1850 4785 Putius

410 4859 567 4935 clericus
595 4881 779 4951 camerae,
809 4862 850 4934 et
877 4859 1117 4955 indulgentia
1144 4858 1220 4933 fuit
1246 4862 1394 4955 septem
1422 4879 1622 4932 annorum.

438 5125 442 5134 ⁴
517 5141 611 5218 Cum
639 5143 781 5218 festum
810 5141 980 5216 omnium
1010 5140 1239 5218 Sanctorum
1266 5141 1307 5217 in
1333 5142 1539 5218 sabbatum
1566 5143 1639 5218 hoc
1666 5165 1766 5218 anno
1795 5142 1851 5217 in·
1880 5151 1975 5210 filet
1993 5169 2021 5210 v.

411 5284 574 5376 cidisset,
602 5307 784 5383 vesperae
811 5283 1044 5361 emortuales
1071 5284 1227 5360 habitae
1246 5306 1323 5359 non
1342 5288 1434 5361 sunt
1461 5285 1502 5360 in
1528 5285 1705 5379 sabbato,
1721 5307 1769 5364 ne
1787 5309 1855 5386 per

412 5452 644 5531 consequens
681 5429 722 5506 in
749 5429 923 5530 sequenti
952 5429 1013 5509 die
1040 5453 1138 5529 quae
1165 5433 1251 5508 erat
1278 5431 1467 5510 dominica
1494 5433 1605 5511 lieret
1642 5433 1759 5511 missa
1785 5457 1854 5534 pro

413 5577 627 5673 defunctis,
670 5577 737 5657 sed
778 5577 817 5654 in
858 5577 920 5655 die
961 5577 1150 5655 dominica
1195 5575 1242 5653 de
1283 5598 1367 5653 sero
1408 5577 1623 5654 celebratae
1674 5598 1856 5676 vesperae
