4970 6352
592 573 597 586 '
661 582 705 648 bd
1207 572 1332 645 camna
1355 597 1401 644 nu
1425 595 1540 644 aaran

662 822 818 900 omnino
846 824 974 900 solnta
1001 824 1087 902 fuit.
1116 825 1271 920 Verum,
1300 826 1493 903 nonnullis
1522 824 1782 916 suadentibus,
1798 825 1903 922 Papa
1930 826 1979 900 ab
1999 845 2093 898 uno·

664 995 820 1072 quoque
847 994 979 1049 eorum
1016 973 1219 1073 requisivit
1260 973 1398 1072 viginti
1439 977 1607 1072 quinque
1633 961 1751 1068 mille,
1788 995 1855 1051 seu
1887 973 1928 1048 in
1967 976 2095 1049 tetum

663 1117 945 1212 quinquaginta
971 1116 1078 1191 mille
1105 1116 1274 1192 ducatos.
1303 1117 1406 1193 Haec
1433 1115 1629 1192 Pontificis
1657 1117 1881 1192 deliberatio
1914 1117 2010 1191 dura
2038 1117 2094 1192 ni·

661 1257 736 1332 mis
774 1256 857 1334 visa
895 1256 983 1333 luit.
1025 1257 1209 1334 Attamen
1250 1257 1526 1334 animadvertit
1564 1258 1643 1355 ipse
1680 1258 1835 1334 Parides
1874 1258 2019 1356 Papam
2055 1259 2095 1333 in

661 1399 853 1495 augustiis
881 1403 1077 1475 versatum
1109 1422 1190 1476 esse
1222 1403 1386 1476 maxime
1414 1403 1569 1497 propter
1601 1401 1702 1475 bella
1742 1401 1783 1475 in
1820 1401 1958 1497 quibus
1995 1403 2095 1476 male

661 1542 904 1618 tractabatur
931 1566 955 1618 a
982 1541 1180 1618 Francisco
1209 1543 1332 1620 llario
1358 1544 1451 1619 olim
1479 1543 1573 1618 duce
1600 1541 1747 1633 Urbini,
1776 1542 1842 1638 qui
1869 1564 2000 1618 omnes
2024 1543 2093 1618 Fc-

661 1685 796 1763 clesiae
811 1690 935 1762 terras
948 1687 1125 1779 vexabat,
1145 1689 1187 1762 et
1205 1688 1254 1761 ab
1272 1687 1448 1763 omnibus
1466 1687 1616 1762 tributa
1635 1686 1823 1782 exigebat,
1844 1707 1920 1758 non
1938 1685 2092 1762 valente

662 1827 849 1904 Pontidce
875 1827 935 1902 his
962 1827 1073 1903 malis
1100 1827 1276 1904 resistere
1303 1830 1352 1904 ob
1379 1829 1561 1928 pecuniae
1590 1828 1794 1904 delectum.
1816 1828 1978 1924 Propter
1996 1827 2095 1903 hanc

661 1991 826 2063 causam,
848 1973 893 2046 ut
911 1969 1084 2063 uidetur,
1112 1968 1314 2046 cardinalis
1341 1968 1558 2046 Hadrianus
1585 1969 1646 2046 die
1673 1970 1862 2047 dominica
1893 1969 2092 2069 vigesima·

662 2113 785 2210 prima
813 2108 953 2189 mensis
977 2112 1078 2208 junii
1106 2136 1253 2188 summo
1282 2134 1395 2188 mane
1422 2113 1555 2209 fugam
1583 2136 1629 2188 ex
1657 2097 1751 2188 u'rbe
1778 2113 1942 2212 arripuit
1964 2135 2096 2191 versus

661 2252 795 2350 'l'ybur
821 2255 863 2327 et
890 2252 979 2327 inde
1006 2251 1171 2346 Fundos.
1199 2252 1310 2328 Alter
1336 2274 1428 2330 vero
1457 2253 1661 2330 cardinalis
1688 2254 1736 2329 de
1764 2252 1955 2330 Sederinis
1976 2255 2096 2331 etiam

661 2397 711 2473 ab
739 2397 833 2471 urbe
860 2395 1014 2471 recessit
1041 2419 1172 2472 versus
1200 2397 1415 2488 Praeneste,
1445 2395 1582 2472 deinde
1608 2417 1701 2473 vero
1733 2396 1902 2470 obtinuit
1928 2421 1953 2470 a
1988 2397 2094 2495 Papa

661 2538 816 2613 veniam
845 2537 1024 2610 manendi
1050 2541 1161 2612 extra
1188 2537 1333 2627 urbem,
1363 2536 1568 2612 dummodo
1596 2559 1620 2610 a
1648 2535 1957 2632 malignitatibus
1976 2538 2093 2612 absti-

662 2685 785 2773 neret,
807 2683 853 2764 ,et
880 2679 933 2755 sic
960 2679 1000 2754 in
1028 2679 1235 2777 Campania
1264 2679 1329 2753 ubi
1366 2679 1599 2777 legationem
1623 2679 1813 2753 habuerat
1849 2699 1916 2774 per
1953 2679 2095 2755 multos

661 2845 810 2898 menses
837 2823 991 2915 mansit,
1020 2845 1064 2898 ac
1091 2825 1209 2899 etiarn
1246 2823 1398 2898 Fundos
1425 2823 1593 2914 comasii,
1621 2826 1663 2897 et
1702 2821 1855 2919 pacifice
1883 2824 2026 2898 mansit
2053 2825 2093 2898 in

662 2964 777 3042 Statu
806 2989 875 3042 suo
903 2987 1017 3063 quem
1044 2967 1160 3042 simul
1187 2989 1275 3044 cum
1293 2967 1408 3043 Petro
1436 2965 1618 3042 Sederino
1642 2965 1725 3063 jam
1752 2965 1845 3040 olim
1876 2963 2093 3042 Florentiae

552 3075 557 3086 ’
661 3110 816 3186 domino
843 3115 1001 3188 emerat.

794 3396 865 3471 Die
892 3396 1089 3472 Paschatis
1117 3395 1372 3488 Pentecostes,
1400 3398 1609 3491 antequam
1637 3395 1740 3493 Papa
1767 3395 1816 3469 ad
1849 3395 2005 3470 missam
2027 3394 2091 3469 de·

660 3539 866 3632 scanderet,
893 3541 1039 3617 vocatis
1066 3539 1332 3630 cardinalibus,
1360 3540 1485 3613 multa
1512 3539 1614 3612 bona
1640 3540 1758 3615 uerba
1785 3537 1881 3612 dixit
1900 3536 1947 3610 de
1965 3535 2090 3611 tribus

661 3683 918 3760 cardinalibus
959 3682 1095 3781 captis.
1126 3682 1234 3759 Inter
1261 3686 1414 3758 caetera
1453 3681 1683 3780 significavit
1716 3704 1757 3758 se
1790 3684 1944 3780 propter
1971 3679 2092 3777 ipsam

661 3849 768 3900 suam
800 3825 966 3901 indolem
994 3827 1035 3901 et
1062 3827 1374 3902 consuetudinem
1401 3827 1513 3922 longe
1540 3827 1671 3901 abesse
1699 3848 1723 3898 a
1750 3845 1959 3922 poenarum
1986 3843 2091 3898 seve·
2128 3849 2131 3854 ·

593 3995 595 4000 ·
660 3968 778 4042 ritate
805 3966 1022 4041 adhibenda
1048 3970 1183 4041 contra
1207 3957 1421 4062 praedictos
1439 3969 1660 4057 cardinales,
1678 3989 1913 4066 quamquam
1932 3965 2003 4060 ipsi
2022 3985 2090 4061 pro

661 4108 738 4181 suis
766 4106 913 4181 delictis
940 4106 981 4178 in
1008 4106 1153 4201 Papam
1181 4105 1375 4196 deberent,
1400 4109 1440 4180 et
1458 4109 1613 4200 possent
1631 4104 1783 4200 quidem
1804 4101 1945 4198 inquiri
1965 4104 2004 4175 et
2022 4124 2091 4198 pu·

659 4248 744 4340 niri,
773 4251 814 4322 et
840 4247 1003 4323 forsitan
1029 4248 1184 4344 privari.
1213 4249 1471 4325 Nihilominus
1498 4248 1571 4323 iste
1611 4245 1868 4342 pientissimus
1910 4243 2089 4318 Pontifex

659 4353 761 4465 nunc
787 4389 946 4464 ferocire
973 4392 1127 4464 coactus
1155 4393 1225 4484 est,
1264 4390 1371 4481 (sunt
1406 4390 1524 4465 verba
1561 4386 1736 4478 Paridis),
1775 4384 1958 4484 privando
1995 4383 2089 4457 istos

659 4537 737 4611 tres
765 4534 988 4611 cardinales.
1017 4534 1165 4633 Itaque,
1188 4536 1448 4634 (prosequitur
1467 4533 1651 4627 Parides),
1670 4533 1783 4607 hodie
1803 4529 1983 4628 imposuit
2000 4550 2086 4625 pro·

659 4678 921 4771 curatoribus,
959 4678 1155 4754 advocatis
1193 4683 1233 4754 et
1248 4721 1251 4726 ·
1261 4678 1467 4774 judicibus,
1505 4681 1551 4751 ut
1587 4675 1844 4774 procederent,
1883 4669 2088 4746 dummodo

655 4824 763 4919 juste
805 4826 846 4898 et
873 4821 1073 4918 legittima,
1102 4821 1142 4894 in
1169 4821 1238 4895 hos
1277 4825 1361 4903 tres¹
1384 4821 1606 4911 cardinales,
1634 4841 1729 4914 quos
1756 4817 1911 4892 medem
1940 4815 1999 4888 die
2031 4814 2089 4887 lu-

660 4987 733 5040 nae
762 4965 945 5062 vigesima
973 4963 1074 5061 junii
1102 4964 1142 5040 in
1168 4966 1393 5041 consistorio
1421 4964 1590 5062 privavit
1617 4963 1792 5038 omnibus
1818 4959 1928 5036 bonis
1955 4962 1998 5032 et
2018 4923 2089 5032 ’be-

660 5109 802 5185 neliciis
830 5131 875 5184 ac
902 5108 1153 5200 cardinalatu,
1181 5109 1338 5184 tradens
1371 5130 1435 5185 eos
1463 5109 1591 5184 curiae
1617 5106 1802 5181 saeculari
1830 5127 1914 5180 cunr
1945 5102 2092 5198 ingenti

662 5251 819 5344 stupore
847 5247 970 5322 totius
996 5248 1136 5324 curiae.
1167 5249 1441 5325 consistorium
1468 5255 1598 5326 autem
1631 5249 1701 5325 hoc
1733 5245 1889 5321 duravit
1920 5244 1969 5335 ab
1997 5243 2092 5317 hora

660 5390 862 5468 undecima
890 5413 1009 5487 nsque
1037 5390 1085 5468 ad
1113 5393 1336 5492 vigesimam
1364 5397 1556 5494 quartam,
1584 5397 1664 5470 tam
1697 5393 1852 5492 propter
1890 5387 2091 5465 lectionem
