4970 6352
662 621 702 684 12
1216 637 1339 682 auarus
1363 638 1407 682 ou
1431 637 1544 682 amasi

1383 726 1535 734 --------
1541 725 1868 734 ——-.------—-—--
1877 727 1889 732 -
1897 725 2094 734 ----.-...-—.

661 854 805 929 bullam
832 875 909 928 non
937 875 1018 929 esse
1045 852 1245 950 legendam
1274 855 1365 928 aute
1392 853 1565 928 cedulam
1593 855 1685 950 quia
1712 852 1982 928 tantummodo
2010 876 2095 927 cum

658 996 822 1090 probata
849 996 901 1068 sit
919 994 1065 1085 cedula,
1085 1015 1198 1089 super
1225 1014 1310 1067 eam
1328 994 1435 1066 bulla
1454 994 1537 1069 fieri
1565 994 1690 1070 debet.
1711 996 1969 1070 Nihilominus
1990 996 2095 1090 Papa

659 1135 771 1210 iussit
788 1134 864 1229 legi
892 1135 1038 1207 bullam
1067 1132 1209 1208 addens
1227 1133 1327 1228 quod
1355 1136 1387 1208 si
1416 1135 1521 1210 bulla
1549 1151 1626 1224 non
1653 1137 1820 1232 placeret
1846 1135 2093 1209 laceraretur.

660 1276 797 1373 Itaque
811 1280 899 1373 post
917 1275 1119 1352 lectionem
1138 1276 1285 1373 primae
1299 1275 1427 1352 bullae
1446 1276 1588 1351 factam
1607 1300 1674 1372 per
1692 1277 1929 1373 praedictum
1949 1275 2093 1350 archie-

659 1419 853 1514 piscopum
894 1439 1154 1513 gnesnensem,
1195 1417 1398 1492 secundam
1435 1419 1530 1513 legit
1562 1419 1865 1514 archiepiscopus
1901 1418 2093 1506 senensis,

660 1564 701 1636 et
728 1560 885 1637 tertiam
912 1559 1007 1658 legit
1035 1560 1230 1657 spiscopus
1257 1559 1500 1637 taurinensis.
1536 1559 1632 1636 Gom
1660 1583 1751 1637 voro
1779 1559 1905 1659 quoad
1938 1561 2093 1636 tertiam

660 1705 806 1779 bullam
834 1705 881 1779 de
909 1705 1191 1780 reformatione·
1208 1726 1285 1779 non
1318 1705 1526 1779 haberetur
1554 1705 1594 1779 in
1623 1707 1799 1781 omnibus
1833 1706 1946 1800 plena
1987 1727 2093 1800 prae·

661 1851 829 1924 latorum
857 1849 1064 1940 consensio,
1081 1846 1202 1922 dilata
1228 1846 1305 1922 fuit
1332 1846 1557 1923 deliberatio
1576 1846 1625 1922 ad
1643 1848 1806 1944 primam
1826 1845 1999 1920 futuram
2018 1867 2093 1920 ses·

662 1991 818 2066 sionem.
847 1989 1105 2065 Nihilominus
1133 1991 1238 2086 Papa
1265 2013 1504 2088 summopere
1531 1991 1656 2066 laetus
1689 1991 1790 2085 quod
1818 2012 1885 2064 rex
1913 1989 2095 2062 Francius

661 2133 879 2208 adhaeserit
920 2133 1089 2209 concilio
1120 2133 1362 2223 lateranensi,
1392 2137 1432 2207 et
1460 2133 1562 2207 facta
1595 2137 1696 2208 esset
1727 2133 1817 2206 unio
1854 2133 1895 2205 in
1932 2131 2098 2206 Ecclesia

661 2275 858 2350 inchoavit
884 2276 1071 2372 hymnum
1102 2315 1148 2328 -
1182 2276 1229 2349 Tc
1255 2277 1370 2350 Deum
1395 2273 1579 2348 ardemus
1609 2311 1654 2322 -
1689 2274 1731 2345 et
1765 2271 1969 2367 patefactis
2006 2292 2096 2345 con-

662 2416 738 2490 cilii
766 2415 892 2488 ianuis
919 2415 999 2509 ipse
1026 2414 1076 2488 ad
1104 2413 1293 2512 palatium
1321 2433 1497 2489 reversus
1525 2411 1611 2486 fuit.

768 2699 813 2773 In
841 2700 973 2797 vigilia
999 2698 1228 2776 Nativitatis
1255 2696 1409 2772 Domini
1426 2716 1608 2792 vesperae
1627 2695 1813 2770 solemnes
1832 2691 1987 2769 habitae
2007 2695 2098 2766 sunt

662 2841 702 2916 in
728 2842 901 2941 cappella
927 2844 1101 2940 palatina
1130 2846 1171 2916 et
1199 2863 1276 2916 non
1303 2841 1343 2916 in
1371 2840 1528 2915 basilica
1554 2863 1584 2914 s.
1613 2837 1722 2914 Petri
1760 2842 1914 2936 propter
1945 2837 2096 2911 ruiuum

661 2985 775 3058 illius.
805 2983 1014 3060 Oardinalis
1033 3008 1062 3059 s.
1083 2984 1220 3080 Georgi
1247 2983 1392 3080 primus
1420 2983 1616 3077 episcopus
1643 2979 1719 3053 fuit
1737 2982 1918 3054 assistens
1938 2983 1978 3053 et
1995 2980 2097 3054 sedit

662 3124 702 3197 in
729 3123 811 3200 loco
839 3125 965 3216 solito,
994 3125 1061 3199 alii
1088 3123 1298 3200 cardinales
1325 3124 1547 3198 assistentes
1575 3122 1734 3195 fuerunt
1754 3119 2028 3196 Sanseverinus
2057 3122 2097 3193 et

663 3269 875 3344 Parnasius.
904 3268 1009 3365 Papa
1035 3269 1075 3343 in
1102 3266 1178 3343 flne
1193 3268 1308 3363 jussit
1327 3267 1427 3363 quod
1447 3267 1562 3364 panni
1581 3267 1690 3341 aurei
1708 3267 1776 3362 qui
1795 3264 1925 3339 solent
1943 3263 2096 3339 extendi

662 3413 701 3484 in
717 3411 874 3484 tribuna
893 3410 1070 3486 basilicae
1084 3410 1167 3502 (23)
1186 3412 1427 3506 exponantur
1445 3409 1486 3481 in
1506 3408 1677 3503 cappella
1693 3409 1796 3481 intra
1816 3405 2015 3483 cancellos.

610 3728 634 3766 r.
769 3691 815 3765 In
842 3694 953 3766 nocte
981 3690 1209 3768 Natiuitatis
1228 3690 1392 3782 Domini,
1413 3691 1508 3764 hora
1533 3713 1645 3780 nona,
1666 3691 1803 3764 sonata
1822 3711 2007 3784 campana
2030 3710 2096 3784 pa·

662 3835 761 3930 lotii,
789 3837 1025 3911 matutinum
1053 3837 1274 3911 inchoatum
1302 3838 1371 3927 est,
1399 3838 1439 3911 et
1457 3835 1563 3930 Papa
1582 3838 1791 3931 antequam
1815 3835 1992 3909 indueret
2010 3855 2096 3929 cap·

663 4001 764 4073 pam,
780 3978 977 4053 benedixit
1005 3977 1088 4070 (24)
1115 3981 1262 4074 spatum
1293 3977 1394 4073 apud
1413 3978 1571 4052 lectum:
1592 3977 1718 4052 adfuit
1738 4000 1824 4052 cum
1844 3976 2097 4052 cardinalibus

664 4119 741 4192 dux
768 4117 871 4211 Bari,
900 4119 1022 4216 missa·
1043 4118 1154 4192 finita
1180 4121 1239 4192 est
1266 4118 1360 4192 hora
1389 4118 1497 4213 qussi
1525 4117 1760 4192 duodecima.

771 4400 842 4475 Die
869 4399 1097 4478 Natiuitatis
1134 4401 1275 4478 Christi
1306 4424 1383 4477 non
1423 4403 1657 4478 celebratum
1700 4400 1776 4476 luit
1803 4401 1842 4474 in
1876 4399 2033 4474 basilica
2069 4421 2096 4474 s.

665 4539 771 4616 Petri
798 4509 889 4638 puio
917 4545 1001 4620 erat
1027 4541 1279 4641 periculosum
1308 4546 1349 4619 et
1375 4541 1476 4620 nrule
1503 4565 1650 4634 sarium,
1679 4542 1744 4618 sod
1772 4541 1812 4616 in
1840 4541 2008 4639 cacprpolla
2031 4565 2096 4638 pau·

664 4685 754 4779 pali.
784 4683 899 4760 Missa
926 4683 1106 4761 inchoato
1134 4689 1192 4761 est
1218 4687 1314 4760 hora
1341 4685 1486 4761 decima
1513 4687 1688 4782 septima,
1715 4691 1756 4759 et
1782 4685 1956 4760 cantavit
1983 4705 2098 4758 evan·

665 4827 807 4922 galium
843 4827 1047 4904 cardinalis
1081 4828 1292 4904 Parnasius.
1321 4829 1448 4903 Finita
1477 4831 1602 4921 missa,
1632 4829 1739 4902 nulla
1767 4827 1858 4902 data
1886 4829 1945 4902 ost
1972 4825 2096 4900 indul·

664 4973 795 5065 gentio
821 4973 912 5065 quia
938 4971 979 5044 in
1013 4971 1169 5046 basilica
1196 4970 1524 5067 processionaliter
1551 4970 1745 5068 publicata
1773 4970 1860 5060 fuit,
1889 4969 1955 5042 ubi
1993 4968 2099 5062 Papa

665 5110 888 5205 genuflexus
915 5111 1014 5187 vidit
1041 5111 1203 5186 Vultum
1232 5111 1414 5188 Sanctum
1430 5112 1526 5202 (25).
