4970 6352
635 525 679 592 42
1085 595 1089 606 ,
1189 545 1313 593 remon
1335 545 1381 592 nn
1405 546 1520 594 osmer

429 769 492 829 rol.
513 771 566 829 198
583 790 607 833 r.
639 809 643 819 ·
743 766 831 862 Ipsa
858 765 919 842 die
947 765 1147 841 undecima
1173 765 1304 840 martii
1319 766 1359 842 in
1379 789 1455 864 qua
1473 768 1693 843 recurrebat
1721 767 1984 843 anniversaria
2012 790 2071 843 eo·

635 909 814 986 lemnltas
856 909 1062 985 creationis
1103 909 1238 985 Leonis
1279 909 1426 1002 decimi,
1467 910 1595 985 Julius
1637 908 1683 986 de
1723 909 1877 985 Medicis
1915 916 2071 987 sanctae

635 1055 780 1131 Mariae
806 1055 846 1127 in
875 1053 1079 1130 Dominica
1098 1055 1279 1130 diaconus
1314 1054 1517 1130 cardinalis
1540 1055 1870 1130 vicecancellarius
1898 1077 2072 1152 praesen·

634 1199 739 1272 tibus
780 1201 1018 1290 correctore,
1062 1201 1217 1294 regente
1260 1202 1302 1271 et
1341 1197 1497 1272 custode
1537 1197 1811 1288 cancellariae,
1855 1219 1898 1272 ac
1939 1198 2073 1273 multis

619 1341 817 1437 praelatis
844 1346 884 1416 et
911 1341 995 1415 allis
1025 1340 1148 1437 dignis
1175 1341 1268 1417 viris
1295 1341 1336 1413 in
1363 1362 1515 1415 camera
1542 1339 1689 1415 secreta
1717 1341 1854 1435 Papae,
1876 1342 2072 1435 juramen·

636 1485 719 1554 tum
748 1481 876 1555 emisit
898 1480 1014 1575 juxta
1032 1459 1263 1576 propositam
1285 1480 1447 1554 formam
1479 1504 1595 1577 quam
1615 1483 1694 1576 lpse
1713 1481 1938 1577 genuflexos
1966 1483 2072 1578 legit.

526 1646 528 1651 ·
636 1619 768 1694 Testes
796 1623 926 1695 autem
949 1620 1161 1716 juramenti
1189 1619 1348 1695 fuerunt
1372 1643 1419 1696 er
1456 1621 1790 1696 circumstantibus
1817 1630 1923 1699 rmus
1951 1622 2072 1698 domi·

621 1777 708 1838 'nus
735 1763 992 1839 Bernardlnus
1020 1763 1066 1839 de
1094 1763 1252 1840 Bibiena
1293 1763 1473 1839 dlaconus
1500 1763 1703 1839 cardinalis
1739 1769 1893 1840 sanctae
1925 1766 2072 1843 Mariae

636 1903 675 1978 in
703 1904 853 1999 porticu
882 1904 1078 2000 episcopus
1104 1905 1314 1986 tarvisinus
1342 1909 1384 1980 et
1410 1905 1631 2000 supradicti.

743 2191 815 2269 Die
842 2191 993 2266 sabbati
1021 2191 1306 2288 decimaquarta
1327 2193 1470 2283 martii,
1499 2199 1604 2266 rmus
1632 2191 1668 2266 d.
1688 2190 1891 2267 cardinalis
1919 2190 1966 2265 de
1994 2191 2072 2267 Me-

637 2335 729 2412 dicis
758 2337 902 2432 accepit
929 2335 1200 2433 possessionem
1229 2336 1476 2412 cancellariae
1504 2335 1632 2410 omnia
1651 2336 1884 2432 praescripta
1917 2357 2073 2411 servans

637 2477 678 2550 in
706 2476 844 2572 quibus
870 2476 964 2551 haec
982 2476 1179 2572 speciatim
1198 2479 1337 2550 notatu
1357 2476 1472 2575 digna
1499 2483 1602 2552 sunt.
1631 2477 1731 2552 Nam
1759 2480 1838 2574 ipse
1866 2479 2071 2555 cardinalis

638 2621 751 2694 simul
779 2642 866 2694 cum
885 2619 1141 2694 cardinalibus
1160 2620 1245 2694 aliis
1264 2623 1431 2715 quatuor
1450 2639 1584 2714 nempe
1604 2640 1633 2692 s.
1668 2618 1860 2708 Praxedis,
1890 2622 1931 2691 et
1948 2641 1978 2691 s.
1998 2619 2073 2690 llu-

639 2759 746 2851 aebli,
762 2762 802 2834 et
816 2761 1037 2833 sanctorum
1055 2762 1223 2854 quatuor
1240 2757 1530 2850 Coronatorum,
1546 2762 1586 2833 et
1599 2781 1629 2832 s.
1644 2757 1787 2833 Mariae
1801 2759 1841 2831 in
1860 2757 2008 2854 porticu
2026 2778 2073 2832 ex

639 2899 784 2996 palatio
811 2898 885 2977 ivit
911 2899 960 2977 ad
987 2899 1099 2976 aedes
1126 2923 1215 2975 suas
1239 2900 1286 2976 de
1304 2901 1457 2979 Medicis
1476 2905 1568 2977 ante
1586 2903 1753 2997 plateam
1779 2905 1911 2996 agonis
1938 2900 2074 2977 festive

639 3044 908 3139 interpunctas,
938 3042 1056 3118 etlam
1083 3064 1170 3118 cum
1199 3045 1314 3136 tubis,
1348 3042 1486 3117 fistulis
1505 3043 1666 3139 allisque
1684 3041 1904 3138 hujusmodi
1923 3041 2074 3117 festivis

639 3186 768 3283 signis.
797 3185 856 3259 Ibi
883 3206 950 3281 per
977 3184 1132 3282 aliquod
1160 3190 1312 3283 tempus
1344 3208 1474 3262 omnes
1492 3187 1769 3276 remanserunt,
1798 3189 1839 3259 et
1866 3187 1999 3281 postea
2029 3186 2070 3259 in

639 3327 843 3404 rocchettis
871 3351 918 3404 ex
945 3328 993 3402 iis
1015 3328 1171 3403 aedibus
1192 3329 1348 3426 digressi
1367 3333 1554 3407 venerunt
1572 3329 1621 3404 ad
1639 3329 1769 3404 aulam
1793 3329 1980 3404 minorem
2007 3329 2072 3402 ab·

639 3471 902 3548 breviatorum
921 3470 968 3544 de
987 3493 1100 3569 parco
1121 3473 1268 3568 majori.
1288 3471 1385 3546 Tum
1400 3472 1531 3566 junior
1550 3470 1795 3548 abbreviator
1814 3469 1908 3566 legit
1926 3469 2073 3543 bullam

639 3614 855 3692 collationis
877 3614 1176 3692 cancellariatus.
1197 3615 1279 3704 Quo
1298 3618 1461 3693 lectione
1480 3616 1668 3709 absoluta,
1684 3615 1894 3694 cardinales
1914 3638 2071 3714 surgen·

639 3764 698 3836 tes
712 3763 923 3856 posuerunt
944 3781 1087 3835 novum
1106 3761 1474 3837 vice-cancellarium
1495 3760 1536 3832 in
1554 3759 1800 3832 eminentiori
1820 3758 1908 3833 sede
1932 3759 2070 3853 parata

642 3926 729 3978 cum
757 3923 888 3978 menso
915 3905 957 3977 et
983 3902 1173 4000 pugillari,
1202 3906 1242 3977 et
1268 3902 1370 3977 illico
1389 3903 1623 3976 accesserant
1650 3920 1796 3996 regens,
1826 3901 2016 3974 corrector
2034 3901 2074 3974 et

641 4047 938 4138 abbreviatores,
953 4049 994 4123 et
1019 4047 1339 4123 rescribendarius
1366 4065 1411 4119 ac
1437 4043 1640 4139 scriptores
1668 4042 1802 4137 aliqui,
1831 4041 1899 4137 qui
1918 4064 2074 4117 manum

639 4188 722 4283 ejus
750 4186 912 4262 osculati
939 4191 1042 4260 sunt.
1072 4187 1215 4263 Deinde
1239 4192 1366 4263 custos
1400 4209 1485 4261 cum
1504 4188 1661 4280 regente
1681 4183 1908 4258 obtulerunt
1926 4182 2074 4278 aliquas

639 4329 765 4404 bullas
779 4328 962 4404 cardinali
977 4329 1286 4406 vicecancellarlo
1300 4332 1365 4426 qui
1381 4328 1465 4402 illas
1479 4324 1660 4421 signavit.
1676 4323 1745 4398 His
1758 4325 1932 4420 peractis,
1945 4345 2074 4398 omnes

639 4472 889 4543 surrexerunt
915 4470 956 4542 et
988 4470 1144 4544 iverunt
1162 4469 1211 4541 ad
1230 4470 1432 4564 prandium
1452 4469 1491 4541 ln
1510 4487 1660 4539 camera
1680 4463 1988 4556 vicecancellarii,
2008 4463 2075 4537 ubi

640 4609 717 4686 init
743 4610 898 4707 grandis
925 4613 1132 4708 apparatus
1160 4633 1228 4707 pro
1255 4611 1431 4686 omnibus
1459 4606 1677 4686 volentibus
1703 4607 1900 4704 prandere.

748 4897 947 4973 Dominica
965 4899 1084 4974 tertia
1103 4897 1425 4994 quadragesimae,
1446 4895 1541 4968 hora
1557 4891 1750 4988 vigesima,
1767 4892 1871 4986 Papa
1885 4885 2076 4984 equitavit

642 5037 691 5111 ad
720 5037 921 5112 concilium
936 5037 1182 5134 processione
1202 5018 1425 5110 duodecima
1444 5056 1543 5131 quae
1561 5035 1679 5108 etiam
1698 5035 1892 5130 postrema
1920 5029 2006 5104 luit.
2028 5027 2074 5100 In

641 5179 712 5253 hoc
741 5177 789 5252 ad
817 5177 1018 5254 concilium
1046 5200 1198 5255 accessu
1226 5182 1512 5255 conservatores
1532 5175 1635 5251 urbis
1668 5175 1841 5254 volentes
1860 5193 1941 5249 esse
1961 5191 2077 5267 supro

643 5342 774 5398 omnes
803 5324 973 5399 oratores
999 5322 1122 5422 regios
1150 5329 1191 5401 et
1218 5326 1336 5404 etlam
1364 5321 1589 5420 imperiales,
1618 5319 1863 5398 vehementer
1887 5311 2076 5393 admoniti
