4970 6352
680 643 724 710 22
1228 657 1352 707 remor
1376 659 1423 706 nr
1447 659 1563 707 omres

626 843 628 850 Ι
676 883 749 958 nisi
776 883 905 957 omnia
932 883 1046 957 simul
1074 881 1354 979 expedirentur.
1387 881 1478 957 Post
1504 882 1598 957 haec
1624 881 1740 979 Papa,
1761 881 1908 957 vocatis
1946 879 2110 955 Genera·

674 1023 787 1114 libus,
825 1013 866 1098 et
902 1023 1157 1098 cardinalibus
1193 1023 1380 1098 conclusit
1406 1021 1508 1118 quod
1544 1022 1623 1118 ipse
1658 1021 1881 1096 hortaretur
1919 1020 2111 1117 praelatos

674 1162 723 1238 ad
751 1164 994 1239 tolerandum
1023 1163 1288 1240 dehonorari
1313 1187 1438 1258 mopso
1466 1187 1586 1261 usque
1614 1165 1663 1239 ad
1690 1165 1807 1239 aliam
1834 1164 2052 1254 acacianam,
2072 1163 2113 1236 in

673 1330 750 1403 qua
787 1309 942 1382 omnino
978 1312 1256 1405 proponeretur
1291 1310 1496 1416 revocatio,
1536 1309 1615 1384 sive
1653 1309 1806 1382 Fratres
1847 1308 2002 1398 vellent,
2031 1307 2112 1382 sive

671 1451 830 1540 nollent,
859 1454 900 1524 et
926 1452 979 1524 sic
1006 1450 1113 1525 dedit
1140 1450 1253 1524 fldem
1283 1451 1468 1546 praelatis
1496 1451 1598 1546 quod
1626 1452 1781 1524 omnino
1818 1448 1956 1522 hocin
1989 1449 2112 1543 prima

671 1591 836 1666 sessione
865 1589 1116 1686 expediretur,
1143 1590 1348 1666 dummodo
1376 1589 1449 1683 ipsi
1468 1589 1632 1685 praelati
1646 1587 1806 1665 veniant
1825 1587 1874 1663 ed
1893 1588 2110 1678 sessionem,

670 1735 714 1806 et
740 1731 947 1828 expedient
974 1754 1073 1829 quae
1100 1733 1178 1807 iam
1206 1732 1363 1807 fuerent
1391 1732 1587 1829 disposita.

778 1876 907 1951 Rebus
935 1877 992 1950 ita
1020 1876 1249 1970 compositis,
1278 1876 1474 1952 celebrata
1501 1877 1577 1951 iuit
1604 1877 1720 1952 sessio
1744 1876 1846 1972 apud
1865 1876 2109 1950 Lateranum.

669 2017 775 2114 Papa
802 2018 893 2092 illuc
920 2018 1076 2094 veniens
1105 2017 1186 2091 dies
1216 2017 1317 2113 jovis
1345 2019 1586 2113 praecedenti
1613 2020 1717 2114 prius
1745 2019 1904 2092 accessit
1931 2017 1980 2091 ed
2007 2017 2109 2090 basi-

669 2159 782 2236 licem
811 2160 974 2237 Sanctae
1001 2160 1134 2237 Crucis
1162 2161 1200 2235 in
1230 2183 1307 2257 qun
1334 2160 1503 2236 eiusdem
1531 2183 1560 2236 s.
1591 2159 1719 2236 crucis
1747 2160 1968 2234 solemnibus
2003 2180 2109 2255 pero-

668 2300 843 2397 gebatur,
872 2301 1000 2397 ibique
1029 2301 1167 2376 oravit.
1197 2299 1344 2375 Deinde
1371 2325 1548 2378 reversus
1576 2307 1636 2379 est
1664 2304 1711 2376 ad
1739 2303 1935 2378 basilicam
1967 2301 2108 2377 latera·

667 2463 834 2533 nensem,
863 2446 1091 2519 nontamen
1119 2442 1352 2518 adianuam
1380 2444 1560 2521 basilicae
1593 2446 1761 2534 accessit,
1800 2443 1865 2520 sed
1901 2443 1949 2518 ad
1987 2444 2108 2518 scalas

668 2606 766 2679 quae
794 2582 912 2659 Pilati
939 2588 1140 2676 vocantur,
1170 2584 1217 2660 ed
1245 2584 1294 2659 ad
1323 2609 1433 2660 suum
1463 2585 1649 2683 palatium
1674 2584 1855 2660 ascendit.
1886 2582 2105 2657 Ourdinnles

667 2724 1005 2820 vigintiquinque
1042 2728 1163 2800 secuti
1198 2730 1290 2800 sunt
1325 2724 1549 2801 Pontificem
1587 2724 1714 2798 induti
1750 2723 1879 2820 cappis
1916 2721 2105 2797 violaceis.

667 2865 812 2942 Deinde
839 2867 946 2964 Papa
972 2867 1203 2964 respondens
1231 2869 1329 2944 circa
1359 2870 1547 2944 nonnulla
1574 2891 1674 2966 quae
1702 2866 1889 2946 servanda
1927 2870 2038 2942 erant
2065 2865 2106 2939 in

666 3009 831 3084 sessione
859 3010 1062 3105 praesenti,
1081 3010 1222 3084 statuit
1240 3010 1397 3084 missam
1427 3009 1657 3085 cantandam
1685 3009 1907 3084 solemniter
1934 3028 2002 3102 per
2020 3029 2103 3082 ora·

666 3151 790 3222 torem
820 3149 1004 3242 polonum
1034 3150 1102 3244 qui
1130 3151 1216 3225 erat
1242 3151 1439 3246 episcopus
1466 3153 1705 3248 gnesnensis3
1735 3150 1977 3246 evangelium
2017 3171 2103 3224 can·

664 3290 826 3363 tendum
870 3313 938 3386 per
973 3292 1205 3366 cardinalem
1243 3292 1290 3367 de
1327 3292 1520 3382 Fernesio,
1560 3295 1600 3366 et
1635 3312 1848 3367 sermonem
1885 3290 2103 3365 habendum

664 3451 733 3524 per
774 3431 991 3526 episcopum
1030 3431 1295 3506 torcellanum.
1334 3431 1429 3506 dum
1471 3436 1603 3507 autem
1648 3433 1868 3530 quaesitum
1910 3434 2011 3506 esset
2053 3453 2103 3505 an

664 3569 794 3665 aliqua
821 3594 922 3649 nova
959 3572 1142 3646 mandate
1182 3572 1395 3670 principum
1431 3597 1544 3670 super
1582 3575 1812 3649 adhaesione
1848 3571 2009 3648 concilio
2048 3572 2101 3647 le·

663 3712 787 3806 gendo
814 3716 953 3806 essent,
982 3734 1204 3808 responsum
1241 3718 1300 3789 est
1335 3739 1359 3788 a
1383 3716 1488 3812 Papa
1506 3716 1608 3812 quod
1626 3738 1747 3788 unum
1776 3715 1969 3810 legeretur
1995 3737 2101 3788 man·

664 3851 799 3928 datum
836 3853 989 3930 nomine
1024 3853 1129 3929 ducis
1157 3853 1383 3930 Sabaudioe.
1425 3854 1630 3931 Praeterea
1665 3855 1786 3929 relate
1824 3853 1873 3927 ad
1910 3853 2100 3949 praelatos

664 4017 732 4092 per
758 4019 852 4093 quos
869 3997 983 4074 lectio
1002 3996 1175 4074 facienda
1194 4001 1279 4075 erat
1292 3999 1512 4074 cedularum
1531 4021 1630 4097 quae
1649 4003 1761 4076 erant
1779 4001 1965 4095 quotuor,
1993 3997 2100 4096 Papa

664 4138 781 4236 elegit
808 4141 1024 4238 episcopum
1044 4140 1283 4216 hadriensem
1302 4146 1348 4216 ut
1367 4141 1511 4239 legeret
1530 4143 1693 4240 primam
1714 4142 1995 4240 superbientes
2016 4141 2098 4216 Pie·

662 4283 769 4376 tatis,
807 4287 848 4360 et
884 4284 1003 4359 alium
1031 4285 1148 4382 elegit
1176 4308 1311 4382 nempe
1338 4288 1554 4383 episcopum
1583 4287 1813 4363 tarvisinum
1855 4286 1920 4381 qui
1956 4286 2100 4382 legeret

662 4426 867 4502 secundam
894 4449 1009 4524 super
1028 4429 1278 4524 petitionibus
1297 4429 1570 4526 praelatorum,
1589 4434 1630 4505 et
1648 4429 1944 4503 resolutionibus
1972 4426 2099 4524 Papae

662 4547 1045 4663 contracnrdinales,
1074 4576 1115 4648 et
1141 4573 1303 4647 tertium
1321 4573 1535 4670 praelatum
1557 4574 1674 4670 elegit
1704 4573 1769 4669 qui
1797 4573 1873 4647 fnit
1904 4572 2098 4668 episeopus

661 4712 879 4785 nanetensis
906 4715 973 4808 qni
1000 4713 1146 4808 legeret
1165 4710 1342 4788 cedulam
1361 4714 1408 4789 de
1426 4716 1533 4789 libris
1553 4738 1631 4790 non
1659 4715 1917 4810 imprimendis
1954 4715 2096 4809 absque

660 4846 936 4944 subscriptione
955 4850 1126 4942 alicuius,
1149 4856 1189 4928 et
1208 4853 1372 4949 denique
1391 4859 1571 4951 quartam
1586 4856 1702 4950 elegit
1715 4855 1781 4950 qui
1801 4853 1875 4928 luit
1901 4854 2096 4950 episcopus

660 4988 934 5066 Castellimaris
961 4996 1007 5065 ut
1034 4993 1178 5088 legeret
1206 4999 1385 5089 quartam
1414 4997 1587 5071 cedulam
1605 5017 1720 5092 super
1747 4997 1983 5093 pragmatica
2009 5018 2096 5070 san·

660 5130 786 5205 ctione
817 5131 1003 5222 tollenda,
1043 5135 1085 5207 et
1112 5133 1322 5209 indictione
1350 5136 1574 5213 undecimae
1601 5137 1776 5212 sessionis
1803 5159 1872 5233 pro
1900 5137 1961 5213 die
1997 5137 2096 5212 deci·

659 5277 864 5372 maquartn
899 5274 1107 5353 decembris
1133 5279 1306 5376 proximi.
1335 5279 1472 5378 Itaque
1499 5303 1622 5374 mune,
1651 5281 1746 5356 hora
1773 5279 2007 5374 duodecima,
2036 5279 2095 5354 in-

660 5416 798 5544 choata
812 5423 871 5494 est
885 5420 1012 5513 missu,
1029 5443 1106 5518 qua
1119 5419 1240 5515 finita,
1256 5427 1453 5523 episcopus
1471 5427 1704 5504 torcellanus
1717 5427 1856 5502 habuit
1869 5449 2094 5520 sermonem,
