4970 6352
570 575 611 644 18
1086 596 1209 642 aaaron
1232 597 1278 642 nu
1302 597 1418 642 sanem

568 817 608 892 in
636 817 794 896 diversis
822 818 1066 908 dioecesibus,
1094 823 1135 895 et
1161 819 1287 917 quoad
1314 819 1591 896 reservationes
1628 841 1723 916 quas
1759 817 1899 894 habere
1934 839 2000 893 vo·

567 962 702 1040 lebant
742 964 858 1040 iidem
899 966 1108 1042 cardinales
1149 966 1190 1039 in
1230 965 1356 1040 aliena
1397 964 1567 1042 dioecesi.
1612 965 1712 1052 Quas
1752 964 2001 1041 dissensiones

568 1108 712 1184 frustra
748 1131 972 1206 componere
1000 1109 1170 1186 tentavit
1207 1107 1384 1183 Pontifex
1413 1109 1452 1182 in
1489 1107 1782 1206 congregatione
1811 1109 2000 1205 praelato-

568 1277 655 1329 rum
682 1277 823 1332 rocaus
851 1256 891 1330 in
918 1255 1125 1352 cappellam
1154 1253 1348 1351 praelatos
1377 1255 1443 1352 qui
1470 1261 1582 1331 erant
1605 1259 1758 1333 centum
1786 1260 1826 1333 et
1854 1253 2001 1352 viginti.

567 1396 668 1470 Nam
696 1417 782 1470 cum
809 1399 1004 1493 proposita
1031 1399 1156 1471 essent
1192 1394 1381 1490 quaedam
1409 1398 1578 1490 capitula
1614 1397 1818 1472 sancienda
1855 1397 1896 1470 in
1923 1418 1999 1470 ses·

567 1535 683 1626 sione,
713 1544 754 1609 et
789 1537 958 1646 praelati
984 1537 1146 1612 firmiter
1181 1539 1393 1612 retinerent
1421 1560 1507 1613 eam
1534 1560 1615 1614 esse
1651 1541 1690 1612 in
1726 1538 2000 1634 praeiudicium

568 1694 724 1747 suorum
762 1676 915 1767 iurium,
952 1698 1082 1752 omnes
1118 1681 1395 1775 responderunt
1423 1679 1675 1774 perverbum
1703 1678 1867 1770 displicet.
1883 1677 1999 1769 Tune,

567 1817 763 1890 annuente
778 1815 974 1908 Pontifioe,
994 1817 1110 1893 sessio
1129 1820 1336 1913 prorogata
1356 1818 1443 1891 init.
1474 1817 1691 1891 Cardinales
1711 1820 1756 1890 ut
1770 1815 2002 1890 satisfierent

570 1954 721 2050 utrique
749 1957 850 2051 parti
886 1956 983 2031 hanc
1009 1979 1118 2030 suam
1146 1961 1313 2033 mentem
1342 1960 1598 2053 exposuerunt
1626 1959 1737 2032 utin
1770 1957 1904 2032 cedula
1931 1978 1999 2052 pro

566 2097 774 2170 indictione
803 2099 979 2172 sessionis
998 2122 1043 2173 ea
1061 2103 1217 2172 tantum
1235 2102 1522 2174 recenserentur
1541 2121 1637 2194 quae
1656 2099 2002 2173 communicarant

566 2239 749 2332 praelatis
789 2242 830 2314 et
866 2239 1133 2332 cardinalibus,
1162 2244 1326 2337 atquae
1353 2240 1402 2314 ad
1442 2240 1635 2336 praelatos
1669 2241 1893 2336 spectabant
1930 2239 2000 2312 dii-

567 2382 658 2457 ferri
699 2382 882 2458 deberent
908 2384 956 2457 ad
984 2384 1101 2458 eliam
1128 2389 1349 2481 sequentem
1378 2383 1594 2472 sessionem,
1624 2387 1664 2458 et
1691 2384 1786 2493 nihil
1817 2382 1865 2459 de
1891 2404 2001 2480 prae·

566 2526 656 2602 latis
684 2527 887 2603 dicendum
913 2528 953 2603 in
981 2530 1173 2625 praesenti
1192 2529 1368 2605 sessione.
1388 2528 1526 2626 Itaque
1545 2527 1649 2625 Papa
1668 2529 1733 2626 qui
1759 2527 1999 2624 praecedeuti

567 2669 627 2744 die
654 2673 762 2746 uenit
789 2671 837 2746 ad
865 2671 1110 2766 Lateranum,
1130 2675 1259 2770 ibique
1286 2675 1428 2749 mansit
1455 2678 1698 2770 pernoctem
1736 2695 1821 2748 cum
1849 2673 1994 2769 aliqua·

565 2811 637 2884 bus
664 2811 940 2886 cardinalibus:
970 2833 1081 2888 mane
1108 2812 1203 2888 hora
1239 2813 1463 2889 duodecima
1495 2813 1689 2887 descendit
1725 2813 1774 2886 ad
1806 2813 1999 2886 basilicam

566 2952 633 3028 rabi
661 2955 820 3029 sacrista
848 2979 1006 3051 parram
1035 2957 1190 3031 missam
1218 2957 1323 3054 legit,
1353 2956 1537 3032 Pontifice
1564 2977 1712 3052 semper
1739 2979 1851 3053 super
1879 2956 2000 3030 fandi·

564 3098 728 3171 storiam
763 3098 1046 3193 procumbente,
1090 3103 1130 3173 et
1156 3077 1249 3174 ¹aliis
1287 3101 1462 3174 omnibus
1498 3100 1715 3195 genuflexis,
1752 3123 1782 3174 r.
1812 3123 1847 3195 p.
1878 3101 1913 3175 d.
1951 3100 1998 3173 de

566 3238 709 3314 Puttiis
746 3240 903 3316 clericus
931 3262 1103 3316 camerae
1139 3263 1350 3316 sermonem
1387 3217 1488 3316 iecit.
1528 3243 1620 3315 Post
1655 3263 1867 3317 sermonem
1897 3241 2000 3338 Papa

565 3382 671 3455 dedit
698 3381 1011 3469 benedictionem,
1031 3385 1072 3454 et
1091 3385 1222 3455 orator
1249 3381 1464 3476 praedictus
1483 3381 1696 3477 publicavit
1724 3382 1999 3476 indulgentiam

564 3523 711 3614 septem
731 3541 931 3594 annorum.
956 3520 1061 3594 Tunc
1079 3521 1313 3595 adstiterunt
1332 3543 1459 3594 coram
1479 3519 1662 3594 Pontifice
1682 3523 1811 3593 orator
1830 3521 2001 3595 caesaris

565 3667 605 3738 et
625 3667 755 3738 orator
783 3663 975 3755 Poloniae,
998 3666 1043 3738 ut
1060 3665 1309 3760 loquerentur
1335 3687 1450 3761 super
1474 3664 1709 3760 protectione
1736 3665 1998 3760 religiosorum

565 3805 611 3877 do
631 3805 796 3894 Prussia,
813 3806 878 3879 sed
898 3806 995 3880 hanc
1013 3828 1093 3880 rem
1113 3806 1261 3880 cenarit
1280 3806 1457 3880 Pontifex
1478 3805 1748 3879 remittendam
1767 3804 1816 3877 ad
1834 3805 1998 3899 primum

564 3945 842 4019 consistorium.
864 3945 969 4019 Tunc
987 3945 1158 4018 exhibita
1185 3949 1244 4018 est
1261 3946 1479 4020 reverentia
1498 3945 1624 4038 Papae
1644 3967 1712 4041 per
1731 3966 1860 4018 omnes
1878 3944 1997 4020 cardi-

564 4088 669 4162 nales
696 4092 737 4164 et
763 4089 966 4186 praelatos.
995 4088 1040 4163 In
1068 4089 1151 4184 ipsa
1178 4089 1341 4163 sessione
1369 4089 1563 4186 episcopus
1591 4087 1834 4199 massiliensis
1870 4089 1999 4161 orator

564 4233 664 4328 regis
692 4201 995 4328 Franciaelegit
1021 4231 1195 4306 cedulam
1226 4254 1338 4328 super
1366 4253 1459 4327 pace
1489 4232 1589 4306 inter
1606 4230 1843 4305 christianos.
1873 4229 1997 4302 Aliam

564 4373 738 4448 cedulam
779 4375 892 4452 valde
929 4375 1080 4470 longam
1114 4375 1208 4470 legit
1246 4375 1549 4469 archiepiscopus
1585 4372 1850 4467 neapolitanus
1887 4392 1999 4465 super

563 4514 837 4587 reformatione
865 4535 962 4608 quae
989 4517 1077 4608 post
1103 4514 1272 4609 aliquam
1301 4515 1600 4609 disputationem
1630 4513 1705 4584 fuit
1742 4511 1897 4584 tandem
1931 4533 1995 4604 ap·

565 4655 726 4749 probata
753 4677 777 4728 a
804 4655 939 4740 maiori
967 4659 1087 4749 parte.
1115 4656 1215 4729 Nam
1247 4678 1333 4730 cum
1370 4659 1496 4729 essent
1533 4657 1572 4727 in
1609 4657 1737 4727 totum
1774 4656 1928 4726 centurn
1956 4657 1998 4726 et

563 4797 843 4893 qninquaginta
871 4798 1008 4872 Mitrae
1035 4799 1099 4873 vix
1120 4798 1248 4874 decem
1276 4799 1451 4896 perplexe
1477 4796 1765 4894 responderunt.
1786 4795 1878 4868 Post
1905 4793 1997 4869 baec

564 4941 695 5012 orator
736 4938 836 5034 regis
864 4938 1123 5035 Portugalliae
1150 4941 1256 5016 dedit
1283 4941 1507 5016 mandatum
1537 4940 1635 5034 regis
1672 4937 1855 5033 praedicti
1885 4959 1997 5032 super

562 5077 791 5151 adhaesione
828 5079 987 5152 concilio
1023 5080 1264 5170 lateranensi,
1294 5080 1395 5174 quod
1422 5079 1648 5152 mandatum
1676 5099 1743 5178 per
1771 5077 1806 5151 d.
1835 5077 1995 5151 Fedram

563 5219 808 5295 secretarium
839 5219 986 5293 concilii
1001 5220 1145 5294 lectum
1164 5220 1250 5295 fuit.
1266 5220 1310 5293 ln
1339 5219 1413 5296 fine
1441 5219 1556 5294 sessio
1576 5182 1719 5292 indicta
1738 5222 1797 5292 est
1824 5219 1997 5292 babendo
