4970 6352
880 583 1410 634 mmmmmnmm.
1820 559 1861 628 w

420 808 460 883 in
479 809 663 906 principio
683 809 824 884 mensis
844 807 1050 884 decembris
1070 806 1204 897 futuri,
1219 809 1261 881 61
1278 805 1332 881 616
1350 806 1464 882 finem
1484 805 1622 880 habuit
1636 801 1752 879 sessio
1767 803 1862 878 hora

421 952 680 1030 decimanona.
708 953 813 1052 Papa
840 953 1037 1030 inchoavit
1064 953 1261 1052 hymnum.
1295 991 1339 1004 -
1366 951 1415 1026 Tc
1442 951 1558 1026 Deam
1585 949 1779 1024 laudamus.
1812 986 1857 1000 -

529 1238 647 1333 Papa,
675 1237 861 1334 requisita
888 1237 1077 1346 ahParide
1105 1237 1151 1311 (16
1171 1238 1316 1313 (1666616
1344 1237 1536 1316 sententia
1564 1236 1610 1311 de
1627 1241 1801 1334 tempore
1821 1235 1862 1313 et
1887 1233 1951 1293 F0¹·
1971 1233 2024 1290 1oe
2042 1251 2065 1290 r.

421 1379 670 1453 caeremoniis
698 1379 836 1475 quibus
864 1379 1047 1454 creandus
1076 1383 1175 1453 esset
1202 1403 1325 1456 novus
1351 1383 1585 1478 gubernator
1611 1379 1766 1468 Romae,
1795 1376 1861 1473 qui

419 1520 511 1593 1666
540 1523 625 1593 6661
652 1519 828 1594 dominus
856 1519 1047 1594 Amedeus
1074 1520 1120 1595 de
1147 1521 1302 1596 Barutis
1332 1523 1378 1596 de
1407 1522 1587 1610 Taurino,
1617 1519 1746 1594 omnia
1779 1519 1860 1616 egit

414 1659 529 1754 juxta
555 1660 638 1757 ejus
661 1661 860 1757 judicium,
889 1665 1063 1736 statuens
1101 1663 1322 1759 etiamque
1360 1661 1547 1738 comitatu
1581 1661 1683 1734 idem
1720 1660 1859 1758 guber·

417 1805 531 1878 nator
557 1805 763 1898 procedens
791 1828 857 1902 per
884 1805 1048 1880 mediam
1075 1806 1210 1904 urbem
1238 1807 1417 1881 baculum
1444 1828 1561 1880 manu
1589 1804 1713 1881 166666
1739 1802 1856 1880 dedu·
1888 1885 1890 1890 ,

418 1945 559 2018 candus
587 1948 688 2020 esset
714 1943 763 2018 ad
791 1944 902 2019 aedes
930 1967 1029 2019 suas.

523 2232 569 2307 In
597 2231 657 2307 die
684 2230 944 2327 apostolorum
972 2229 1081 2306 Petri
1109 2233 1152 2305 61
1178 2229 1289 2304 Ρ6611
1321 2228 1498 2306 redeunti
1537 2230 1666 2328 Papae
1706 2250 1754 2304 66
1788 2230 1855 2305 ba·
1883 2215 1904 2272 f·
1924 2215 1978 2272 ¹⁰⁴
1996 2234 2019 2273 ¹·-

417 2377 536 2469 silica,
565 2379 697 2454 orator
730 2374 1002 2473 Hispaniarum
1040 2375 1193 2452 nomine
1221 2375 1320 2473 regis
1362 2373 1422 2450 sui
1457 2396 1526 2473 pro
1562 2395 1680 2472 regno
1702 2367 1855 2450 Siciliae

416 2525 514 2598 citra
541 2521 705 2620 pharum
732 2521 877 2596 obtulit
903 2544 1057 2598 censum
1086 2521 1255 2613 solitum,
1284 2520 1323 2594 id
1351 2523 1411 2596 est
1437 2543 1577 2618 equum
1609 2520 1854 2616 phaleratum

416 2689 530 2762 quem
557 2667 663 2760 Papa
690 2665 839 2759 excepit
865 2662 1014 2754 dicens;
1049 2665 1253 2761 accipimus
1283 2664 1449 2738 libenter
1477 2665 1519 2739 et
1545 2663 1854 2740 commendamus

416 2808 529 2884 iidem
556 2807 767 2884 charissimi
795 2807 835 2881 in
863 2804 1013 2881 Christo
1041 2807 1111 2881 lilii
1137 2806 1237 2904 regis
1265 2805 1424 2882 Siciliae.

523 3094 593 3169 Die
622 3093 768 3170 veneris
786 3097 927 3190 quarto
945 3091 1100 3188 augusti
1129 3092 1166 3166 in
1192 3091 1344 3188 publiea
1372 3090 1600 3168 consistorio
1630 3094 1760 3168 actum
1794 3095 1854 3170 661
1879 3105 1900 3164 f.
1922 3107 1974 3164 roo
1993 3125 2022 3164 v.

415 3233 647 3309 (1666166616
662 3236 702 3308 in
718 3235 850 3309 urbem
865 3237 907 3310 61
923 3235 1083 3309 solemni
1102 3234 1319 3328 receptione
1340 3233 1375 3308 d.
1397 3233 1592 3309 Plumbini
1611 3236 1703 3310 novi
1731 3235 1852 3308 affinis

415 3374 552 3472 Papae.
582 3376 627 3450 ln
656 3397 702 3451 eo
742 3375 823 3470 ipso
860 3375 1083 3451 consistoria
1121 3375 1224 3450 lacta
1259 3374 1446 3450 relatione
1483 3374 1531 3447 ab
1574 3374 1753 3450 auditore
1790 3399 1850 3451 oa·

413 3539 540 3593 merae
580 3540 694 3614 super
735 3518 930 3594 demeritis
971 3522 1012 3595 et
1056 3517 1272 3614 privatione
1314 3516 1502 3613 generalis
1543 3517 1852 3615 congregationis

412 3659 532 3734 Vallis
559 3660 779 3751 Umbrosae,
804 3660 1022 3756 judicatum
1040 3660 1117 3734 luit
1135 3660 1184 3735 ab
1202 3659 1379 3734 omnibus
1397 3659 1499 3757 quod
1527 3663 1656 3736 stante
1683 3664 1851 3738 veritate

411 3803 670 3900 expositorum
698 3804 835 3902 dignus
862 3805 963 3880 66661
989 3803 1219 3902 privatione.

518 4090 587 4168 Die
601 4089 750 4204 veneris
764 4091 887 4189 prima
904 4091 1142 4190 septembris,
1162 4092 1318 4188 accepte
1337 4089 1479 4168 6611116
1497 4090 1545 4168 de
1563 4114 1655 4192 pace
1673 4091 1773 4170 inita
1791 4093 1848 4169 in·
1876 4081 1897 4140 f·
1916 4083 1970 4184 ‚¹⁰⁸
1987 4101 2015 4142 Υ·

411 4241 471 4312 166
498 4259 606 4334 reges
633 4237 816 4315 Franciae
843 4239 884 4314 61
910 4235 1084 4335 Angliae,
1117 4239 1311 4313 statutum
1329 4236 1417 4329 fuit,
1447 4241 1642 4315 annuente
1669 4239 1775 4336 Papa
1802 4262 1849 4317 ex

409 4378 602 4452 sententia
629 4378 892 4470 cardinalium,
920 4382 968 4453 61
994 4381 1109 4453 missa
1127 4379 1305 4454 solemnis
1334 4379 1593 4454 celebraretur
1624 4381 1664 4454 in
1691 4381 1849 4456 ecclesia

408 4544 438 4594 6.
468 4521 612 4596 Μ66166
640 4523 686 4595 de
714 4523 854 4616 populo
883 4521 949 4594 ubi
976 4522 1171 4617 episcopus
1200 4521 1246 4596 de
1275 4520 1380 4594 biliis
1407 4523 1539 4596 orator
1566 4521 1730 4618 Angliae
1758 4525 1847 4598 mis·

409 4686 490 4736 sam
528 4662 713 4753 cantavit,
752 4685 829 4757 qua
865 4661 986 4750 finita,
1024 4663 1196 4757 plenarie
1223 4662 1464 4758 indulgentie
1491 4684 1667 4738 concessa
1703 4664 1781 4738 luit
1808 4669 1849 4739 61

409 4804 605 4897 publicata
633 4826 699 4897 per
726 4804 915 4878 tubicines
944 4803 1308 4878 inomnicuria.1n
1336 4807 1502 4899 utroque
1529 4807 1661 4879 661666
1690 4829 1847 4903 vespere

409 4940 513 5016 facte
541 4945 634 5016 6661
659 4940 834 5016 incendia
860 4944 902 5017 61
928 4941 1036 5038 signe
1063 4941 1191 5038 ampla
1218 4941 1404 5016 laetitiae.

514 5223 584 5300 Die
611 5223 761 5300 veneris
798 5224 922 5322 prima
957 5225 1183 5322 septembris
1220 5227 1256 5302 d.
1297 5226 1322 5301 J
1325 5227 1426 5301 61166
1454 5225 1657 5302 cardinalis
1692 5229 1738 5306 de
1765 5232 1843 5308 Me·
1874 5223 1969 5280 ‘¹⁰⁶
1988 5239 2017 5280 v.

410 5347 500 5425 dicis
529 5352 679 5424 6666166
708 5351 766 5425 661
793 5349 944 5446 legatus
972 5351 1214 5428 bononiensis
1251 5354 1292 5428 61
1329 5352 1404 5427 luit
1445 5351 1631 5428 dedoctus
1658 5377 1682 5428 a
1714 5354 1843 5444 decem
