4970 6352
824 642 859 688 lt
881 642 997 690 nidulo
1020 643 1056 688 m
1078 642 1161 689 ΡΔΡΑ
1184 644 1297 691 LEOIOE
1320 645 1351 691 X.

902 1563 980 1668 A·
1007 1563 1268 1668 Merui.
1398 1487 1402 1495 ’

470 1997 516 2071 ln
544 1997 605 2071 die
629 1995 930 2072 Circumcisionis
949 1998 1036 2094 post
1053 1995 1210 2072 missam
1229 2019 1345 2092 qaam
1378 1994 1630 2070 cardinalias.
1653 1995 1806 2094 Georgii
1832 2007 1895 2064 ror.
1916 2005 1968 2064 ree
1986 2021 2015 2062 v.

365 2144 573 2220 celebravit
590 2143 630 2216 in
649 2143 807 2217 ecclesia
825 2164 854 2216 s.
874 2141 1100 2249 Reparatae,
1122 2141 1226 2237 Papa
1243 2139 1391 2216 vocetis
1410 2141 1612 2230 canonicis,
1646 2140 1807 2217 donavit

366 2286 506 2361 eisdem
535 2286 690 2360 mitram
717 2305 857 2359 novam
886 2285 926 2358 et
953 2283 1065 2358 valde
1083 2283 1291 2378 pretiosam
1309 2282 1452 2357 valoris
1471 2283 1622 2357 circiter
1647 2282 1805 2379 quinde-

366 2429 437 2504 cim
466 2428 631 2502 millium
659 2427 899 2501 ducatorum.

472 2705 542 2780 Die
566 2705 668 2801 jovis
696 2705 832 2800 quinta
860 2703 1054 2798 februarii,
1075 2705 1181 2801 Papa
1195 2705 1236 2779 in
1263 2706 1398 2782 urbem
1425 2727 1603 2783 reversus
1630 2709 1690 2782 est
1721 2729 1807 2785 cum
1835 2728 1856 2786 r.
1877 2729 1930 2786 reo
1946 2745 1975 2786 v.

364 2848 593 2924 discessisset
619 2847 816 2922 Florentia
833 2847 893 2921 die
912 2845 1029 2922 tertia
1048 2845 1233 2940 praedicti
1251 2847 1403 2938 mensis,
1423 2847 1535 2944 eique
1558 2849 1808 2924 occurrerunt

365 3013 430 3086 per
462 3013 581 3062 unum
622 2990 700 3064 iere
736 2988 959 3062 milliarium
992 2987 1097 3061 ultra
1133 2989 1289 3083 pontem
1321 2987 1525 3064 cardinalis
1562 2990 1809 3066 vulterranus

367 3135 471 3208 urbis
500 3134 660 3231 legatus,
691 3133 738 3208 ad
760 3136 916 3229 pontem
936 3132 1158 3223 cardinales,
1179 3135 1220 3208 ot
1246 3133 1344 3209 citra
1367 3135 1521 3230 pontem
1554 3133 1807 3230 magistratus

364 3301 544 3356 romanus
558 3279 666 3375 qnasi
681 3277 963 3374 quinquaginta
986 3276 1146 3373 equites,
1167 3279 1208 3352 et
1221 3277 1385 3352 totidem
1400 3276 1546 3371 pedites
1563 3301 1646 3352 cum
1663 3277 1810 3375 calligis

364 3423 484 3499 novis.
514 3423 619 3518 Papa
653 3445 740 3496 oum
782 3421 1016 3517 pervenisset
1048 3420 1098 3495 ad
1130 3421 1287 3493 ianuam
1322 3420 1502 3496 ecclesiae
1530 3443 1560 3496 s.
1589 3419 1734 3496 Mariae
1763 3420 1810 3496 de

364 3565 517 3660 populo,
545 3566 767 3661 genuflexus
795 3565 990 3638 osculatus
1017 3567 1077 3637 est
1104 3583 1256 3638 crucem
1293 3586 1411 3659 quam
1438 3565 1474 3638 ei
1515 3564 1660 3638 obtulit
1687 3565 1808 3639 cardi·

364 3707 462 3780 nalis
477 3708 523 3783 de
538 3707 730 3799 Farnesio,
743 3712 785 3782 et
798 3710 885 3804 post
898 3728 945 3780 ea
960 3727 1135 3800 aspersus
1159 3707 1219 3780 est
1237 3729 1282 3782 ac
1303 3707 1533 3799 incensatus,
1554 3707 1690 3784 deinde
1718 3708 1808 3784 ado·

364 3846 467 3921 ravit
486 3844 775 3922 Sacramentum
795 3846 896 3942 quod
916 3848 1001 3921 erat
1019 3845 1060 3919 in
1078 3846 1235 3919 sinistra
1253 3846 1426 3942 cappella
1441 3847 1587 3922 altaris.
1603 3848 1701 3922 Tum
1721 3871 1808 3924 con·

366 4015 497 4066 versus
525 3991 573 4065 ad
602 3992 726 4065 altare
753 3991 854 4065 illico
883 3991 982 4066 vidit
1009 3957 1293 4086 discoopertam
1335 3991 1540 4088 imaginem
1567 3996 1609 4067 et
1636 3993 1807 4068 eamdem

367 4136 571 4209 veneratus
586 4137 655 4209 est.
673 4134 817 4220 Quibus
831 4133 1008 4227 peractis,
1030 4133 1135 4227 Papa
1153 4133 1320 4207 restitue
1339 4135 1429 4208 alba
1447 4139 1488 4210 et
1506 4137 1619 4226 stola,
1639 4137 1812 4211 ascendit

366 4276 565 4350 inclamet
583 4276 690 4349 venit
707 4295 776 4370 per
794 4275 947 4370 longam
967 4273 1070 4348 riam
1090 4273 1139 4348 ad
1158 4296 1189 4348 s.
1210 4275 1393 4367 Marcum,
1409 4275 1545 4352 deinde
1565 4277 1613 4351 ad
1633 4300 1810 4373 campum

368 4421 510 4512 iborae,
536 4424 577 4496 et
605 4419 758 4495 demum
787 4422 894 4494 recta
921 4419 986 4493 via
1013 4417 1189 4495 incedens
1230 4419 1399 4514 perrexit
1425 4419 1475 4494 ad
1502 4443 1532 4494 s.
1562 4421 1733 4495 Petrum.
1765 4421 1810 4495 ln

366 4565 465 4639 bisce
492 4566 565 4640 viis
592 4564 855 4659 percurrendis
883 4565 1012 4639 nullus
1031 4563 1205 4658 publicus
1225 4565 1432 4659 apparatus
1452 4563 1578 4659 quoad
1600 4586 1710 4640 arcus
1726 4565 1810 4656 (37)

365 4707 406 4780 et
418 4705 631 4780 structuras
659 4703 972 4800 conspiciebatur.
1002 4701 1186 4777 Attamen
1205 4702 1292 4778 viae
1312 4701 1475 4778 mundae
1493 4706 1616 4792 erant,
1639 4703 1739 4778 etin
1762 4705 1811 4781 iis

365 4847 505 4923 alteria
533 4849 756 4944 perpulchre
784 4850 935 4938 ornata,
952 4847 992 4923 et
1019 4846 1145 4922 clerici
1163 4846 1376 4921 saeculares
1404 4847 1446 4920 et
1462 4847 1657 4942 regulares
1676 4847 1734 4922 ita
1754 4848 1806 4923 di·

366 4991 510 5090 spositi,
526 4993 572 5064 ut
586 4991 750 5088 quilibet
768 5012 901 5064 eorum
912 4993 1044 5066 coetus
1060 4967 1172 5064 suum
1188 4988 1350 5064 haberet
1365 4986 1488 5062 altare
1504 4989 1545 5062 et
1552 4985 1605 5063 ibi
1619 4990 1808 5082 cantaret,

367 5135 604 5210 tlnrriiicaret
632 5137 672 5211 et
701 5136 919 5232 aspergeret
955 5133 1002 5207 do
1031 5155 1137 5210 more
1174 5155 1293 5208 sacro.
1323 5133 1429 5210 Inter
1471 5133 1539 5208 hos
1568 5133 1721 5210 ordines
1748 5158 1809 5211 ca·

367 5279 491 5352 nonici
519 5299 548 5351 s.
578 5279 738 5352 Joannis
766 5279 1003 5352 mansionem
1032 5279 1251 5352 habuerunt
1279 5277 1380 5370 apud
1399 5299 1428 5348 s.
1469 5277 1651 5350 Marcum.
1677 5275 1810 5350 Clerici

368 5441 538 5496 camerae
565 5419 611 5493 ut
638 5417 687 5493 ad
716 5439 875 5514 pompae
895 5417 1133 5516 splendorem
1155 5419 1424 5495 concurrerent
1448 5417 1636 5494 dederunt
1664 5417 1811 5492 funalia
