4970 6352
376 723 538 806 s

599 673 619 736 2
1154 691 1275 738 aaaron
1299 691 1345 736 nn
1368 691 1482 738 auser

1555 781 1718 790 ——-——-—-
1725 780 1767 788 ·-—
1787 780 1809 788 -ιι
1835 780 1846 787 -

599 907 833 1006 praedictam
869 910 969 987 diem
1005 911 1196 988 translata
1232 910 1372 987 iuerat.
1405 911 1560 988 Missam
1597 911 1805 988 celebravit
1839 909 2035 1006 episcopus

599 1054 881 1148 umbriacensis,
910 1077 1030 1152 eaque
1057 1057 1247 1148 absoluta,
1269 1057 1372 1153 Papa
1390 1057 1540 1132 remisit
1566 1057 1668 1133 viros
1696 1053 1894 1130 decadem
1919 1053 2034 1128 socie-

599 1199 682 1270 tate
710 1197 760 1271 ad
787 1199 1073 1273 thesaurarium
1101 1188 1226 1291 snum,
1263 1202 1309 1272 ut
1345 1199 1394 1273 ab
1427 1221 1472 1274 eo
1491 1199 1704 1294 acciperent
1743 1197 1848 1271 mille
1880 1197 2037 1269 ducatos

600 1339 685 1414 auri
702 1338 758 1431 (b)
774 1361 843 1436 pro
859 1340 994 1435 puellis
1020 1340 1227 1431 nubendis;
1242 1342 1389 1416 interea
1416 1341 1554 1417 eisdem
1573 1340 1678 1415 dedit
1706 1344 1859 1415 centurn
1888 1361 2035 1431 aureos,

600 1481 696 1557 alios
714 1503 805 1558 vero
821 1505 957 1558 aureos
976 1483 1114 1580 viginti
1128 1484 1272 1558 obtulit
1288 1505 1401 1582 super
1414 1485 1538 1559 altare
1555 1505 1624 1579 pro
1639 1483 1881 1580 reparatione
1900 1482 2035 1556 biblio-

601 1623 734 1698 thecae
764 1624 942 1697 fratrum.
964 1623 1069 1698 Post.
1083 1624 1233 1719 puellae
1251 1646 1412 1698 numero
1443 1623 1723 1720 quinquaginta
1741 1622 1928 1695 adductas
1947 1625 2039 1693 sunt

602 1762 651 1834 ad
679 1761 824 1857 Papam
851 1763 918 1858 qui
945 1762 1082 1858 cuique
1109 1762 1215 1838 dedit
1240 1763 1477 1859 marsupium
1504 1785 1591 1838 oum
1619 1765 1773 1837 centnm
1800 1760 1952 1834 florenis
1967 1759 2037 1850 (d),

602 1902 731 1998 prouti
759 1924 841 1976 mos
869 1905 964 1978 erat.

708 2179 779 2255 Die
797 2181 946 2256 veneris
964 2182 1148 2277 vigesima
1166 2180 1331 2257 secunda
1351 2180 1482 2276 aprilis
1501 2184 1672 2255 oratores
1690 2184 1857 2276 quatuor
1870 2181 2039 2255 lucenses

602 2321 762 2415 ingressi
780 2326 873 2394 sunt
888 2321 1020 2395 urbem
1035 2325 1081 2394 ut
1094 2324 1336 2422 praestarent
1353 2321 1610 2396 obedientiam
1625 2321 1816 2416 pontifici:
1832 2322 1893 2395 die
1907 2324 2036 2396 autem

602 2463 718 2538 lunae
736 2463 900 2572 speunda
914 2464 1005 2560 maij
1022 2463 1137 2538 iidem
1156 2465 1195 2536 in
1214 2465 1336 2560 primo
1350 2465 1500 2559 publico
1520 2465 1743 2540 consistorio
1763 2465 2039 2560 praestiterunt

603 2601 731 2700 Papae
758 2603 1015 2679 obedientiam
1042 2603 1090 2680 de
1117 2627 1224 2681 more
1251 2605 1376 2681 solito.
1492 2581 1495 2588 ’
1838 2595 1842 2603 ’

568 2937 574 2953 .
709 2886 780 2962 Die
807 2888 984 2962 mercurii
1012 2888 1197 2984 vigesima
1224 2889 1386 2983 septima
1405 2889 1535 2986 aprilis
1562 2889 1697 2964 habita
1716 2892 1777 2963 est
1796 2889 1911 2964 sessio
1930 2892 2039 2963 sexta

603 3028 751 3104 concilii
788 3029 890 3125 apud
922 3029 1155 3104 Lateranum
1184 3031 1241 3121 (7)
1269 3031 1340 3105 sub
1369 3054 1467 3127 papa
1494 3031 1618 3106 Leone
1654 3031 1711 3121 X;
1749 3054 1836 3106 cum
1873 3031 2039 3128 quinqua

604 3165 873 3263 praecedentes
887 3165 1073 3242 sessiones
1091 3166 1304 3241 celebratae
1324 3167 1468 3240 fuerint
1481 3167 1552 3240 sub
1567 3167 1851 3264 praedecessore
1865 3165 1889 3239 J
1895 3167 1972 3240 ulio
1987 3164 2037 3239 II.

604 3307 870 3382 Intertuerunt
888 3308 1045 3382 concilio
1068 3330 1143 3381 una
1162 3329 1249 3382 cum
1267 3308 1372 3403 Papa
1391 3308 1601 3382 cardinales
1620 3308 1848 3403 vigintiduo,
1870 3329 1914 3381 ac
1932 3329 2038 3401 prae-

603 3450 674 3523 lati
701 3449 851 3524 mitrati
880 3443 1091 3545 nonaginta
1119 3452 1271 3545 praeter
1307 3451 1450 3524 multos
1486 3450 1683 3546 principes,
1713 3454 1754 3525 et
1785 3453 1969 3539 oratores,
1998 3453 2039 3522 et

604 3594 776 3680 barones,
792 3594 833 3665 et
860 3591 1005 3664 nobiles
1033 3595 1114 3663 tam
1142 3591 1413 3665 ecclesiasticos
1442 3613 1557 3686 quam
1578 3590 1800 3664 saeculares.
1817 3589 1914 3662 'lum
1932 3589 2038 3683 Papa

605 3735 666 3808 die
694 3731 829 3807 martis
857 3731 1117 3806 antecedentis
1146 3752 1192 3805 ex
1220 3731 1398 3808 vaticano
1426 3733 1620 3807 discedens
1640 3733 1710 3806 sub
1729 3732 1868 3806 timore
1886 3730 2038 3827 pluviae

604 3898 690 3950 oum
718 3894 788 3948 suo
816 3873 1004 3948 comitatu
1043 3875 1263 3969 perrexerat
1299 3872 1347 3946 ad
1374 3873 1618 3948 Lateranum.
1657 3871 1730 3947 Sed
1758 3875 1967 3967 antequam
1994 3894 2038 3946 eo

605 4016 832 4112 perveniret,
862 4014 963 4109 apud
995 4017 1170 4087 sanctum
1198 4013 1434 4088 Clementem
1462 4012 1607 4086 dimisit
1638 4012 1859 4102 cardinales,
1888 4016 1930 4086 et
1958 4013 2038 4108 ipse

604 4176 718 4230 suum
737 4153 813 4228 iter
831 4155 1053 4249 prosecutus
1081 4156 1196 4244 recta,
1225 4152 1299 4229 ivit
1325 4173 1402 4226 non
1430 4151 1478 4225 ad
1498 4156 1649 4250 portarn
1678 4153 1867 4244 ecelesiae,
1896 4152 1960 4228 sed
1989 4151 2036 4227 ud

604 4297 724 4373 scalas
743 4318 841 4394 quae
860 4296 1041 4372 dicuntur
1055 4295 1184 4390 Pilati,
1201 4298 1267 4371 ubi
1285 4320 1331 4372 ex
1351 4298 1457 4373 mula
1485 4297 1689 4390 descendit,
1708 4301 1748 4372 et
1766 4299 1955 4393 ingressus
1981 4303 2041 4374 ast

604 4462 717 4513 suum
736 4438 923 4536 palatium
952 4439 1054 4536 qnod
1083 4439 1188 4514 intra
1216 4461 1355 4535 paucos
1383 4441 1463 4515 dies
1490 4444 1669 4536 paratum
1697 4440 1773 4514 ruit
1799 4462 1885 4514 cum
1914 4442 2038 4516 multa

606 4603 780 4678 expensa.
800 4581 871 4656 Die
890 4581 1064 4677 sequenti
1083 4603 1159 4676 qna
1177 4581 1293 4656 sessio
1313 4581 1496 4664 habenda,
1515 4584 1612 4675 erat,
1632 4582 1738 4676 Papa
1764 4583 1955 4656 transiens
1973 4605 2040 4678 per

605 4724 735 4796 aulam
764 4745 862 4818 quae
889 4722 1037 4796 concilii
1066 4721 1206 4796 dicitur
1233 4723 1426 4798 deseendit
1454 4723 1502 4796 ad
1530 4723 1653 4797 altare
1679 4722 1802 4796 maios
1829 4721 2038 4796 aloannia

605 4863 672 4935 ubi
690 4862 818 4936 oravit
845 4861 1275 4955 superfundendam
1302 4863 1492 4956 ingressus
1518 4862 1718 4936 concilium
1739 4883 1869 4936 rursus
1898 4862 2035 4952 oravit,

605 5004 647 5075 et
666 4999 846 5074 inchoata
874 5002 934 5072 est
961 4998 1075 5072 missa
1103 5021 1218 5094 quam
1245 4998 1453 5075 celebravit
1478 5008 1633 5075 revrirus
1661 4999 1696 5073 d.
1726 4999 1926 5073 cardinalis
1953 4999 2038 5076 vul·

606 5143 785 5214 terranus
799 5138 994 5233 episcopus
1013 5137 1235 5212 sabinensis.
1256 5139 1445 5211 Absoluta
1464 5139 1580 5211 missa
1598 5139 1795 5232 episcopus
1815 5139 2038 5211 mutinensis

606 5280 744 5354 habuit
784 5280 1009 5354 orationem.
1051 5278 1214 5354 Demnm
1242 5279 1334 5353 data
1366 5283 1426 5354 est
1464 5302 1531 5377 per
1558 5279 1702 5374 Papam
1744 5277 1970 5370 benedictio,
1999 5282 2040 5351 et

607 5421 803 5519 publicata
829 5421 1069 5517 indulgentia
1105 5423 1234 5497 decem
1269 5445 1469 5497 annorum.
1498 5421 1591 5496 Post
1618 5425 1710 5498 haee
1747 5421 1850 5519 Papa
1878 5420 2037 5518 pluviali
