4970 6352
815 727 1103 822 Passus
1131 727 1231 820 nu
1259 725 1520 822 Genesi
1582 851 1585 856 Ἴ

1037 943 1304 953 --—-.——--

582 1307 656 1464 u
701 1307 959 1466 uuulo
1007 1308 1083 1465 u
1128 1245 1338 1464 ruri
1381 1305 1657 1466 uanus
1692 1304 1761 1462 u.

944 1766 992 1774 ...-
1003 1767 1060 1774 ..--
1073 1755 1351 1783 --0-040-0—-m—
1363 1767 1396 1775 --

986 2675 1073 2776 A·
1104 2671 1354 2776 MDXHI.

560 3099 714 3173 Mortuo
733 3097 839 3172 Julio
853 3097 892 3172 II
906 3097 953 3173 de
971 3097 1135 3190 anere,
1151 3096 1465 3173 convenientibus
1488 3096 1745 3173 cardinalibus
1767 3097 1891 3194 vigin-
1919 3093 2124 3236 Follgonffgsslrv:

453 3240 655 3336 tiquinque
682 3240 723 3314 in
750 3241 894 3339 palatio
921 3240 1113 3332 vaticana,
1129 3243 1217 3337 post
1235 3241 1314 3316 dies
1334 3243 1479 3338 septem
1506 3241 1651 3317 scilicet
1668 3240 1729 3317 die
1743 3240 1893 3316 veneris

454 3380 653 3456 rundecima
681 3379 824 3470 martii,
840 3381 983 3456 electus
1011 3383 1070 3455 est
1097 3379 1299 3456 cardinalis
1325 3379 1494 3455 «Ioannes
1519 3379 1709 3456 Mediceus
1735 3381 1892 3455 natione

455 3525 625 3600 etruscus
654 3523 695 3600 et
722 3521 848 3620 putria
875 3523 1111 3614 florentinus,
1140 3524 1243 3620 prior
1266 3521 1512 3600 diaconorum
1541 3523 1795 3600 cardinalium
1823 3523 1890 3620 qui

453 3688 593 3741 nomen
621 3665 827 3761 assumpsit
853 3665 988 3741 Leonis
1023 3665 1158 3743 decimi
1187 3668 1256 3758 (l).
1285 3667 1331 3740 In
1359 3665 1420 3740 die
1453 3666 1577 3741 sancti
1600 3665 1755 3762 Joseph,
1784 3666 1893 3762 cujus

454 3808 645 3885 festivitas
663 3807 798 3884 incidit
816 3807 877 3884 die
895 3807 1047 3883 sabbati
1063 3807 1209 3886 decima
1223 3808 1315 3883 noni
1329 3807 1472 3897 martii,
1488 3807 1528 3881 in
1543 3807 1700 3883 basilica
1714 3807 1893 3884 vaticana

454 3982 477 4032 a
505 3955 688 4032 cardinali
709 3954 889 4031 Farnosio
908 3957 1112 4031 coronatus
1145 3955 1231 4031 init.
1251 3955 1321 4032 Die
1340 3955 1454 4033 lunae
1473 3953 1674 4032 undecima
1703 3955 1833 4054 aprilis
1852 3955 1891 4030 in

455 4103 552 4178 iesto
580 4125 609 4176 s.
629 4101 765 4177 Leonis
793 4101 854 4177 die
896 4101 1157 4178 anniversaria
1184 4102 1267 4198 ejus
1295 4105 1478 4199 capturas
1515 4101 1616 4198 apud
1654 4101 1890 4192 Ravennam,

455 4245 556 4320 lactu
576 4242 734 4319 solemni
749 4243 987 4340 equitatione
1001 4242 1050 4317 ad
1065 4243 1297 4319 Lateranum
1315 4243 1482 4339 perrexit
1499 4265 1629 4322 sacrae
1649 4243 1893 4340 possessionis

453 4390 570 4442 causa
606 4368 676 4458 (2).

562 4647 633 4721 Die
661 4647 776 4719 lunae
804 4647 946 4742 quarta
972 4645 1113 4721 mensis
1140 4646 1271 4743 aprilis
1297 4645 1374 4721 luit
1410 4648 1678 4723 consistorium
1705 4652 1893 4725 secretam
1921 4657 1996 4714 ΗΘ
2014 4675 2037 4714 r.

454 4787 618 4881 primum
647 4785 688 4858 in
707 4805 782 4879 quo
803 4783 959 4859 Parides
988 4783 1035 4858 de
1053 4785 1200 4860 Grassis
1219 4785 1275 4876 (3)
1295 4787 1570 4881 pronunciatus
1594 4787 1671 4861 luit
1697 4761 1894 4884 episcopus

453 4924 683 5022 pisaurensis
711 4947 797 5000 cum
824 4925 1043 5001 retentione
1069 4929 1200 5001 tamen
1219 4927 1330 5002 officii
1352 4927 1528 5025 magistri
1555 4929 1892 5004 caeremoniarum.

561 5210 632 5286 Die
659 5210 848 5286 dominica
875 5210 1021 5288 decima
1039 5212 1202 5309 septima
1229 5213 1360 5311 aprilis
1379 5213 1485 5312 Papa
1512 5213 1701 5290 invitatus
1724 5239 1749 5290 a
1775 5217 1891 5293 socie·
1921 5237 1997 5296 cea
2015 5257 2044 5298 v.

455 5357 538 5430 tate
566 5351 832 5428 Annuntiatne
852 5353 908 5446 (4)
929 5355 1138 5451 equitando
1165 5357 1335 5453 perrexit
1353 5355 1401 5430 ad
1420 5356 1615 5432 ecclesiam
1635 5356 1829 5435 Minervae
1847 5364 1894 5434 ut

406 5493 409 5499 ’
457 5500 659 5576 iulurossot
686 5499 922 5576 solemnitati
951 5499 989 5576 iu
1019 5501 1201 5578 honorum
1230 5501 1396 5600 Virginis
1428 5501 1691 5582 llummtlatae
1719 5527 1818 5606 quae
1845 5505 1893 5584 ud

584 5637 599 5690 1
