4970 6352
906 604 1433 654 mmmmmumm.
1842 592 1882 659 Π

553 821 624 896 Die
638 823 827 901 dominica
846 828 985 922 quarta
1004 825 1316 922 quadragesimae
1335 826 1439 902 dicta
1453 828 1499 901 de
1518 851 1605 903 rosa
1617 829 1713 921 (27),
1724 830 1831 924 Papa
1844 829 1884 902 in
1911 837 1975 896 Fol.
1993 838 2030 896 94
2047 856 2076 897 ν.

445 991 515 1044 sua
544 968 725 1066 cappella,
751 969 867 1066 juxta
895 969 1169 1067 praescriptum
1196 969 1327 1062 ritum,
1349 970 1546 1046 benedixit
1564 995 1702 1067 rosam,
1731 972 1886 1050 distulit

446 1115 575 1189 tamen
604 1135 650 1188 ca
678 1111 739 1188 die
766 1112 977 1190 deliberare
1005 1113 1156 1190 cuinam
1184 1113 1317 1191 eadem
1345 1115 1522 1192 donanda
1549 1117 1659 1192 esset.

553 1397 624 1472 Die
652 1395 840 1472 dominica
868 1397 914 1471 de
941 1396 1127 1491 passione,
1165 1397 1330 1472 secunda
1365 1398 1496 1493 aprilis
1532 1397 1771 1496 dIsputatum
1808 1399 1885 1475 fuit
1911 1402 1986 1462 tit
2003 1421 2032 1462 v.

445 1536 491 1611 de
520 1542 694 1632 tempore
723 1537 948 1612 mutationis
976 1560 1192 1632 capparum,
1214 1561 1291 1632 qua
1318 1561 1432 1632 super
1459 1561 1500 1613 re
1529 1538 1708 1615 Pontifex
1726 1540 1767 1613 in
1795 1561 1883 1614 con·

445 1681 599 1756 sistorio
614 1681 821 1778 exquisivit
834 1680 1064 1756 sententiam
1080 1679 1227 1754 Paridis
1241 1680 1287 1754 de
1302 1681 1449 1756 Grassis
1463 1681 1788 1758 caeremoniarum
1804 1704 1883 1754 ma·

444 1827 566 1923 gistri,
597 1826 663 1923 qui
691 1826 789 1900 dixit
817 1828 907 1900 anta
945 1825 1133 1903 Joannem
1168 1827 1310 1923 Papam
1345 1826 1476 1901 XXIII
1508 1827 1763 1903 mutationem
1797 1848 1883 1922 cap·
2013 1867 2016 1874 λ

444 1992 579 2064 parum
595 1969 675 2045 fieri
694 1971 933 2045 consuevisse
948 1971 988 2043 in
1004 1971 1100 2044 festo
1120 1969 1433 2060 Resurrectionis,
1461 1970 1527 2043 sed
1546 1970 1669 2066 Ipsum
1691 1969 1884 2044 Joannem

445 2109 690 2184 transtulisse
718 2108 827 2183 illum
855 2131 999 2183 morem
1028 2107 1077 2183 ad
1105 2131 1281 2204 vesperas
1300 2106 1455 2204 vigiliae
1470 2107 1726 2184 ascensionis:
1748 2105 1883 2183 deinde

445 2273 512 2346 per
541 2250 738 2326 Urbanum
766 2249 799 2324 V
827 2248 1000 2325 eamdem
1027 2250 1176 2346 praxim
1202 2250 1449 2345 prorogatam
1478 2247 1594 2324 luisse
1621 2248 1670 2323 ad
1712 2247 1882 2346 vigiliam

445 2394 690 2470 Pentecostcs
731 2394 881 2469 ratione
923 2395 1074 2490 frigoris
1102 2394 1168 2491 qui
1196 2397 1290 2468 tunc
1318 2394 1418 2468 forte
1460 2392 1573 2467 nimis
1606 2415 1692 2469 acre
1732 2394 1817 2468 erat
1843 2391 1884 2466 in

445 2539 577 2616 Galliis
605 2540 672 2616 ubi
700 2541 806 2615 curia
833 2538 1037 2614 residebat.
1067 2539 1172 2635 Papa
1199 2540 1343 2629 autem,
1372 2538 1549 2613 omnibus
1577 2538 1781 2635 perpensis,
1820 2537 1882 2613 de·

446 2684 567 2760 crevit
594 2683 695 2781 quod
724 2683 763 2758 in
791 2687 987 2782 postorum
1015 2682 1181 2758 mutatio
1209 2679 1426 2779 superdicta
1444 2678 1554 2758 fieret
1578 2681 1617 2756 in
1637 2680 1698 2757 die
1716 2680 1884 2758 Paschae

444 2826 758 2903 Resurrecti0nis.

549 3110 660 3187 Feria
691 3109 858 3186 secunda
894 3107 1080 3205 paschalis
1117 3106 1353 3184 diedecima
1389 3107 1553 3205 septima
1594 3107 1738 3206 aprilis
1775 3108 1883 3204 Papa
1909 3117 1985 3177 ter
2002 3138 2026 3177 r.

444 3256 511 3350 qui
540 3252 744 3328 distulerat
771 3251 1016 3326 donationem
1044 3272 1153 3325 rosae
1181 3249 1368 3346 usquead
1388 3250 1486 3325 hanc
1504 3248 1617 3342 diem,
1637 3251 1779 3325 statuit
1797 3272 1882 3327 eam

443 3395 660 3470 donandam
696 3415 776 3469 esse
809 3393 890 3490 regi
918 3389 1178 3488 Portugalliae
1221 3390 1270 3466 ob
1312 3391 1462 3488 insigna
1498 3390 1581 3487 ejus
1622 3389 1762 3467 merita
1790 3411 1882 3488 erga

444 3539 661 3615 Ecclesiam.

549 3824 593 3898 ln
622 3823 683 3898 die
711 3824 845 3896 martis
874 3821 1060 3918 paschaIIs
1087 3820 1292 3897 cardInalis
1328 3823 1528 3918 presbyter
1555 3845 1584 3896 s.
1614 3819 1753 3897 Vitalis
1792 3821 1880 3895 mis·
1907 3849 1982 3907 ω
2001 3867 2029 3906 v.

443 3991 525 4043 sam
541 3964 760 4058 celebravit,
778 3964 962 4042 l'ontiirco
982 3967 1023 4041 et
1041 3963 1298 4042 cardinalibus
1316 3965 1595 4062 praesentibus.
1616 3963 1662 4039 In
1682 3963 1757 4040 fine
1778 3963 1883 4060 Papa

442 4113 588 4188 vocatis
616 4109 664 4185 ad
692 4133 733 4185 se
760 4109 1028 4200 cardinalibus,
1041 4109 1159 4206 jussit
1186 4108 1261 4205 legi
1290 4108 1434 4200 itteras,
1473 4108 1610 4205 quibus
1637 4130 1704 4182 rex
1742 4107 1880 4182 Portu·

441 4256 581 4351 galliae
600 4252 840 4351 significabat
858 4275 998 4328 novam
1017 4250 1218 4347 victoriam
1238 4273 1262 4326 a
1277 4250 1355 4326 suis
1370 4253 1534 4329 relatam
1550 4252 1684 4328 contra
1698 4249 1880 4327 infideles.

548 4539 618 4614 ilie
646 4539 794 4615 veneris
820 4538 957 4635 quinta
984 4539 1075 4612 maii
1110 4529 1245 4614 habita
1279 4539 1340 4613 est
1370 4559 1473 4612 nona
1512 4537 1628 4613 sessio
1670 4535 1882 4612 concilieris
1908 4560 1928 4618 f,
1947 4565 2016 4618 aar

442 4684 481 4758 ln
510 4683 668 4759 basilica
695 4682 929 4760 lateranensi
957 4683 1053 4776 (28),
1082 4682 1261 4779 adquam
1288 4680 1350 4757 dle
1376 4680 1477 4777 jovis
1505 4704 1608 4778 papa
1635 4681 1723 4778 post
1749 4702 1880 4777 vespe·

441 4850 503 4901 ras
523 4827 630 4902 venit
657 4827 790 4901 ordIne
808 4830 849 4900 et
868 4850 1007 4922 pompa
1025 4828 1152 4900 solita.
1167 4826 1272 4899 Haec
1298 4826 1430 4899 autem
1448 4826 1564 4901 sessio
1579 4825 1690 4899 iuxta
1708 4823 1882 4900 cedulam

442 4967 660 5042 indictionis
697 4967 923 5043 celebranda
949 4968 1035 5043 erat
1061 4965 1122 5042 die
1159 4965 1304 5042 decima
1332 4967 1472 5062 quarta
1500 4966 1642 5040 martii.
1672 4964 1815 5039 Verum
1843 4963 1882 5038 id

443 5109 589 5186 factum
617 5134 695 5186 non
732 5109 808 5185 fuit
843 5109 945 5207 quod
973 5133 1049 5183 non
1076 5109 1187 5206 pauci
1214 5131 1261 5183 ex
1290 5107 1472 5205 praelatis
1505 5108 1781 5183 contenderent
1808 5105 1881 5182 sibi

443 5275 652 5352 gravamen
684 5253 816 5329 inferri
844 5275 912 5350 per
939 5252 1162 5344 cardinales,
1191 5251 1356 5326 maxime
1381 5251 1506 5348 quoad
1545 5250 1789 5327 collationem
1816 5250 1881 5325 be·

443 5399 665 5475 neliciorum
695 5399 914 5475 vacantium
943 5421 1009 5496 per
1037 5397 1185 5472 obitum
1204 5419 1360 5473 suorum
1385 5395 1646 5485 familiarium,
1664 5394 1731 5492 qui
1754 5396 1882 5472 essent

568 5533 587 5590 B
