4970 6352
833 673 867 718 rr.
889 671 1005 719 orario
1028 671 1064 716 nr
1086 667 1170 718 rara
1192 669 1305 717 anona
1328 669 1364 716 x.
1772 645 1812 712 11

373 892 536 991 praelati
564 893 611 968 de
638 913 744 968 more
771 891 1026 967 obedientiam
1066 890 1195 986 Papae
1222 890 1501 988 praestiterunt
1533 888 1591 964 ita
1619 890 1664 961 nt
1691 886 1813 963 cardi·
1923 961 1926 968 .

373 1037 480 1112 nales
507 1059 675 1126 manum,
694 1035 858 1131 praelati
885 1034 1005 1110 otiam
1034 1057 1111 1108 non
1140 1033 1349 1109 consecrati
1378 1054 1509 1107 omnes
1544 1053 1592 1106 ex
1620 1031 1814 1126 dispensa·

374 1178 480 1252 tione
506 1201 619 1274 genu,
635 1177 793 1251 abbates
822 1175 956 1270 pedem
975 1174 1251 1250 oscularentur.
1267 1173 1441 1246 Fuerunt
1468 1173 1599 1246 autom
1627 1171 1666 1245 in
1686 1171 1815 1245 totum

375 1293 513 1394 artae
530 1321 685 1394 centum
703 1320 744 1392 a
761 1316 900 1412 viginti
920 1314 996 1389 auo
1014 1315 1167 1410 praeter
1192 1312 1415 1388 Pontificem
1442 1314 1484 1386 a
1511 1310 1720 1386 arrienos
1748 1308 1815 1405 qur

375 1462 466 1533 sunt
493 1457 830 1555 vigintiquinque.
850 1453 1047 1530 Absolutis
1075 1454 1261 1549 precibus,
1282 1453 1358 1528 duo
1378 1455 1550 1526 oratores
1568 1450 1669 1546 regie
1696 1450 1814 1523 Pran-

375 1600 455 1674 ciae
483 1597 739 1674 veneruntad
761 1597 904 1692 Papam
923 1617 1009 1670 cum
1038 1593 1189 1668 duobus
1208 1591 1410 1667 mandatis.
1426 1591 1563 1666 Relate
1581 1589 1631 1665 ad
1649 1588 1815 1686 primum

376 1741 601 1816 mandatnm
621 1740 693 1836 ipsi
712 1740 883 1816 oratores
911 1737 1094 1813 dixerunt
1112 1737 1193 1811 alto
1211 1737 1251 1811 et
1269 1735 1467 1832 eleganter
1495 1733 1596 1831 quod
1615 1755 1681 1808 rex
1697 1733 1815 1808 Pran-

375 1883 454 1960 ciao
482 1881 581 1959 Suae
609 1880 845 1974 Sanctitatie,
876 1905 921 1958 ac
947 1884 1102 1960 sanctae
1130 1879 1265 1956 matris
1292 1878 1494 1970 Ecclesiae,
1516 1901 1561 1956 ac
1580 1877 1686 1956 Sedis
1714 1875 1816 1977 Apo·

374 2028 532 2104 stolicae
559 2027 661 2103 filius
688 2026 1032 2120 obedientissimus,
1061 2050 1149 2105 oum
1171 2026 1392 2106 credidisset
1418 2025 1521 2123 quod
1550 2027 1666 2101 antea
1693 2023 1817 2100 conci·

377 2170 472 2246 lium
500 2171 678 2267 pisanum
705 2169 842 2245 fnisset
868 2169 1097 2268 legitimum,
1127 2169 1303 2247 adhaesit
1330 2169 1387 2246 illi
1416 2169 1572 2247 credens
1600 2191 1639 2244 so
1661 2167 1760 2245 bene
1778 2169 1819 2244 et

376 2312 566 2408 legittime
593 2313 728 2402 facere,
758 2313 849 2407 quia
875 2295 995 2387 etiam
1022 2313 1137 2388 multi
1172 2313 1382 2389 cardinales
1410 2315 1452 2388 et
1478 2310 1643 2410 praelati
1677 2308 1817 2384 adhae-

377 2457 507 2528 serant
534 2454 673 2528 eidem:
693 2476 795 2528 nunc
822 2427 953 2527 autem
972 2454 1111 2529 certior
1129 2455 1266 2545 factus,
1286 2456 1327 2531 et
1344 2455 1464 2531 etiam
1482 2475 1550 2551 per
1568 2453 1703 2528 literas
1718 2450 1819 2526 Suae

378 2585 604 2668 Sanctitatie
622 2592 812 2686 invitatus
832 2592 881 2667 ad
900 2595 1103 2670 concilium
1122 2577 1364 2674 lateranense
1382 2600 1571 2694 tanquam
1589 2594 1818 2691 legitimum,

377 2755 421 2806 ac
447 2735 682 2822 canonicum,
712 2733 807 2807 illud
835 2735 981 2808 dimisit
1005 2738 1046 2811 et
1073 2757 1120 2810 ex
1150 2758 1256 2810 nunc
1297 2736 1475 2826 dimittit,
1504 2736 1546 2811 et
1585 2733 1820 2808 lateranensi

376 2869 571 2961 adhaeret,
600 2875 641 2946 et
667 2875 780 2968 rogat
807 2873 853 2946 ut
880 2871 953 2946 sibi
986 2896 1100 2970 super
1130 2875 1347 2970 praemissis
1373 2876 1607 2972 ignoscatur,
1635 2876 1752 2970 prout
1779 2875 1820 2947 in

377 3011 500 3087 literis
541 3035 637 3108 quas
664 3014 963 3108 praesentarunt
989 3015 1142 3114 plenius
1174 3018 1404 3094 continetur.
1434 3017 1578 3105 Quibus
1612 3016 1821 3114 perpensis,

378 3155 483 3252 Papa
510 3155 740 3253 approbavit
767 3155 939 3230 animam
970 3158 1069 3256 ragis
1097 3163 1138 3234 et
1165 3159 1254 3272 eius¹
1274 3160 1558 3236 excusationem
1586 3157 1754 3234 admisit.
1774 3158 1819 3234 In

380 3297 456 3373 alio
483 3297 752 3374 mandatores
785 3299 991 3375 constituit
1018 3303 1284 3397 procuratores
1312 3325 1401 3379 enos
1424 3301 1654 3379 cardinalem
1685 3300 1820 3378 Sense-

378 3433 593 3518 verinatem
612 3443 653 3517 et
672 3441 767 3517 dnos
794 3442 1011 3540 praedictos
1025 3444 1297 3542 quiapraelati
1316 3444 1363 3523 de
1381 3469 1453 3522 sua
1470 3445 1629 3522 natione
1647 3465 1688 3520 ee
1707 3466 1820 3521 excu-
1936 3459 1944 3474 ·

378 3585 528 3662 sabant.
557 3584 863 3683 Comparuerunt
890 3586 1009 3662 etiam
1037 3586 1077 3662 in
1104 3589 1263 3668 concilio
1282 3592 1362 3667 tres
1389 3591 1563 3666 oratores
1591 3587 1821 3666 marchionis
1951 3661 1953 3667 Α

378 3731 736 3830 brandeburgensis,
766 3734 807 3808 ot
834 3731 1067 3810 marchionis
1094 3733 1373 3812 Montislorrati
1401 3735 1468 3834 qui
1494 3734 1616 3832 pridie
1643 3733 1820 3813 obedien·

376 3877 473 3950 tiam
500 3875 786 3973 praestiterant,
807 3878 848 3952 et
870 3879 1070 3972 praeterea
1098 3879 1215 3954 multi
1243 3882 1509 3978 procuratores
1536 3879 1820 3976 praelatorum3

377 4018 443 4094 eod
470 4020 563 4094 haec
590 4018 774 4093 mandata
801 4019 939 4115 utpote
966 4019 1117 4095 minora
1144 4025 1372 4117 receperunt
1399 4021 1694 4118 prothonotarii.
1713 4023 1823 4096 Man-

378 4159 470 4234 data
497 4182 585 4236 vero
612 4160 711 4256 regis
743 4161 934 4252 Franciae,
963 4163 1005 4237 et
1041 4159 1325 4257 praedictorum
1362 4160 1627 4238 marchionum
1663 4161 1713 4236 ab
1741 4159 1823 4257 ipso

379 4304 483 4400 Papa
511 4303 658 4378 tradita
690 4303 848 4377 fuerunt
875 4303 911 4378 d.
931 4303 1076 4379 Pedrae
1104 4305 1308 4379 secretario
1337 4304 1499 4396 concilii,
1527 4303 1594 4400 qui
1619 4302 1754 4379 eadem
1782 4303 1824 4377 in

378 4443 527 4539 pulpito
546 4442 651 4539 legit.
680 4437 781 4515 Illud
800 4442 861 4516 hic
878 4464 957 4516 non
974 4441 1364 4538 praetermittendum
1391 4441 1494 4539 quod
1514 4464 1601 4517 cam
1620 4441 1823 4518 rathbed-

378 4583 458 4658 ciaa
487 4584 526 4657 in
553 4583 631 4658 suis
659 4581 852 4657 mandatis
880 4582 1114 4659 nominasset
1141 4605 1181 4660 ee
1214 4583 1350 4658 ducem
1385 4582 1603 4672 Mediolani,
1647 4582 1824 4658 dominus

382 4723 574 4796 Martinus
611 4721 829 4798 caracciolo
861 4724 992 4797 orator
1020 4722 1126 4799 dacis
1149 4723 1356 4800 Mediolani
1390 4725 1564 4819 graviter
1590 4725 1824 4819 conquestus

379 4864 450 4952 est,
470 4865 510 4938 et
528 4863 607 4939 alta
634 4865 872 4961 protestatus
899 4865 959 4939 ost
978 4865 1019 4937 in
1047 4863 1182 4957 forma,
1202 4864 1264 4941 cui
1293 4867 1424 4940 tamon
1444 4864 1641 4960 respondit
1659 4864 1767 4961 Papa
1784 4885 1825 4940 se

381 5005 584 5084 admittere
602 5030 700 5106 quae
728 5007 766 5083 iu
799 5006 991 5084 mandatis
1019 5008 1315 5119 continebantur
1341 5011 1424 5089 eine
1451 5011 1613 5088 alicuius
1635 5009 1826 5110 praeiudi·

381 5153 451 5227 cio.
482 5154 575 5228 Post
593 5155 686 5229 haec
716 5155 820 5250 Papa
856 5156 1011 5232 vocavit
1049 5157 1242 5232 oratorem
1279 5157 1461 5232 Poloniae
1499 5156 1825 5254 arehiepiscopum

382 5319 629 5390 gnesnensem
649 5297 761 5396 cique
779 5298 942 5375 tradidit
970 5299 1116 5375 bullam
1143 5301 1385 5401 plumbatam
1413 5324 1513 5400 quae
1540 5303 1627 5379 erat
1654 5325 1721 5400 pro
1751 5299 1825 5377 lide

386 5444 429 5518 at
447 5466 529 5520 eam
550 5467 663 5541 sapor
681 5444 859 5543 pnpitum
888 5446 1045 5543 legeret.
1060 5445 1215 5524 Inventi
1234 5449 1364 5524 tamen
1379 5450 1473 5524 sunt
1490 5447 1557 5547 qui
1586 5447 1828 5525 affirmarunt
