4970 6352
876 685 910 733 ln
933 683 1048 732 nlnuto
1073 685 1109 731 n1
1132 682 1217 732 nina
1240 679 1353 730 molit
1376 683 1408 729 X.

944 939 1141 1034 Presbyteri
1167 941 1360 1018 cardinales

542 1190 706 1268 'ihomas
734 1191 840 1265 tituli
869 1191 990 1266 sancti
1018 1189 1174 1264 Martini
1202 1191 1241 1265 in
1271 1190 1465 1265 montibus
1497 1181 1760 1286 strigoniensis
1873 1161 1874 1166 Ν

541 1333 722 1408 Nicolaus
748 1332 854 1407 tituli
882 1335 1037 1408 sanotae
1064 1332 1216 1407 Priscae
1243 1332 1290 1407 de
1316 1331 1439 1406 Flisao

541 1472 759 1548 Hadrianus
785 1474 893 1548 tituli
921 1475 1045 1550 sancti
1074 1474 1271 1571 Grisogoni
1305 1473 1525 1548 Hadrianus

541 1615 572 1692 Ι.
602 1615 828 1691 Guillolmus
843 1615 951 1689 tituli
965 1616 1087 1690 macti
1104 1615 1288 1712 Stephani
1311 1617 1350 1689 in
1370 1614 1497 1691 Coelio
1517 1613 1649 1688 Monte
1674 1611 1875 1686 ausitanns

542 1755 762 1831 Leonardus
787 1757 896 1830 tituli
923 1758 1046 1832 sancti
1074 1756 1180 1832 Petri
1208 1756 1257 1832 ad
1285 1755 1442 1832 vincula
1468 1754 1666 1852 agenensis

541 1896 762 1974 Franciscus
789 1899 897 1974 tituli
924 1902 1079 1976 sanctae
1106 1899 1291 1975 Balbinae
1318 1897 1530 1974 collotenus

544 2039 735 2117 Antonius
761 2041 870 2124 tituli
896 2044 1050 2119 sanctae
1078 2041 1257 2118 Praxedis
1284 2040 1333 2118 de
1360 2041 1491 2116 Monte

543 2183 720 2258 Matheus
747 2181 856 2257 tituli
883 2185 1038 2260 sanctae
1064 2184 1321 2261 Potentianas
1349 2181 1572 2259 sedunensis

542 2322 680 2399 Petrus
708 2322 817 2398 tituli
844 2299 968 2398 sancti
994 2323 1148 2399 nussbii
1175 2322 1429 2399 anconitanus

547 2464 709 2542 Achilles
735 2466 843 2541 tituli
870 2470 1025 2546 sanctae
1052 2467 1196 2543 Mariae
1223 2465 1500 2566 transtyberim
1526 2463 1771 2542 bononiensis

543 2608 790 2684 Bandinellns
818 2610 973 2686 tituli-s
976 2666 1089 2686 .........
1118 2609 1165 2686 de
1193 2609 1318 2686 Saulis

544 2753 773 2831 Laurentius
800 2754 908 2831 tituli
936 2757 1154 2832 sanatorum
1184 2755 1368 2843 Quatuor
1383 2755 1522 2832 Potius

417 2869 419 2875 '
545 2894 764 2970 Hadrianus
791 2897 899 2971 cicun
927 2900 1049 2972 sanan
1077 2897 1183 2972 aas
1210 2899 1251 2972 oe
1276 2897 1489 2974 narseum
1516 2898 1745 2974 arnotinus

544 3036 710 3112 Thomas
736 3037 844 3112 tituli
871 3040 1026 3113 sanatae
1055 3037 1216 3116 ceciliae
1244 3038 1483 3115 eboracensis

545 3180 737 3256 Antonius
764 3176 871 3257 tituli
898 3185 1053 3259 sanctae
1081 3181 1311 3260 Anastasius
1338 3183 1581 3259 bituricensis

546 3325 810 3401 Julius-tituli
836 3329 959 3402 sancti
986 3327 1183 3404 Laurentii
1212 3327 1251 3401 in
1280 3326 1445 3401 Damaso
1473 3325 1520 3402 de
1547 3323 1703 3400 Medicis

544 3463 767 3539 Franciscus
794 3465 903 3539 tituli
930 3469 1053 3542 sanati
1082 3467 1223 3544 Vitatis
1251 3469 1297 3541 de
1326 3465 1539 3542 comitibus

546 3603 708 3680 Ioannes
736 3603 845 3679 tituli
871 3608 1027 3682 sanctae
1056 3607 1220 3684 Sabinae
1247 3609 1418 3684 senensis

544 3748 709 3824 Ioannes
737 3749 959 3825 Dominicus
988 3751 1096 3826 tituli
1124 3752 1247 3828 sancti
1275 3749 1431 3826 Ioannis
1467 3750 1560 3826 ante
1596 3750 1751 3848 portam
1790 3746 1882 3824 lati·

440 3915 531 3970 nam
559 3892 750 3970 tranensis

546 4039 726 4118 Nicolaus
753 4019 872 4117 tituli
889 4042 1013 4119 sancti
1041 4042 1207 4120 Caesarii
1234 4045 1275 4118 in
1301 4043 1448 4141 palatio
1475 4042 1714 4142 pistoriensis

546 4183 716 4281 Raphael
742 4183 852 4259 tituli
879 4187 1034 4264 sanctae
1062 4185 1259 4263 Susanuae
1285 4187 1534 4284 grossetanus

549 4327 720 4407 Andreas
748 4329 855 4408 tituli
882 4335 1037 4408 sanotae
1065 4330 1225 4429 Agnesis
1254 4330 1294 4406 in
1322 4351 1443 4430 agone
1472 4331 1519 4407 de
1547 4329 1657 4408 Valle

548 4474 768 4552 Boniiacius
796 4475 903 4552 tituli
930 4478 1150 4554 sanctorum
1178 4475 1293 4554 Nerei
1320 4479 1361 4554 et
1388 4474 1551 4553 Achillei
1579 4472 1852 4575 hyporegensis

548 4619 710 4694 Ioannes
737 4618 915 4717 Baptista
942 4621 1051 4695 tituli
1078 4617 1200 4696 sancti
1228 4618 1461 4716 Apollinaris
1488 4617 1736 4696 cavalicensis

550 4761 790 4840 Scaramutia
815 4763 925 4840 tituli
951 4763 1076 4840 sancti
1103 4763 1252 4862 (lysiaci
1279 4764 1318 4838 in
1346 4765 1480 4840 termis
1506 4761 1692 4838 comensis

549 4903 754 5002 Pompejus
781 4905 889 4981 tituli
925 4909 1145 4982 sanctorum
1183 4905 1384 4982 duodecim
1420 4903 1683 5002 apostolorum
1724 4901 1773 4979 de
1815 4901 1885 4977 Oa·

444 5042 578 5121 lumna

551 5189 771 5268 Dominieus
798 5192 906 5268 tituli
934 5196 1058 5270 sancti
1094 5191 1358 5271 Bartholomei
1384 5191 1426 5267 in
1452 5188 1580 5266 insula
1607 5187 1654 5264 de
1680 5185 1887 5263 Iacobatiis

550 5333 783 5411 Laurentius
809 5335 919 5411 tituli
946 5340 1069 5414 sancti
1097 5336 1265 5413 'ihomas
1292 5336 1334 5412 in
1362 5334 1525 5410 Ponione
1554 5331 1601 5408 de
1628 5328 1834 5428 Campegio

552 5475 732 5578 Aloysius
759 5479 866 5556 tituli
893 5481 1017 5560 sancti
1045 5482 1220 5563 Silvestri
1247 5479 1482 5560 londinensis
