4948 6368
646 685 690 751 86
1197 705 1319 752 rsarnc
1342 707 1387 752 na
1410 706 1524 752 aaassr

644 943 786 1020 equum
812 923 894 1001 sive
920 924 1093 1001 chineam
1121 925 1169 999 ab
1198 927 1351 1001 oratore
1365 925 1605 1021 imperatoris
1623 928 1822 1020 tamquam
1849 926 1948 1020 regis
1988 923 2079 1000 Sici·

644 1063 730 1156 liae,
746 1067 787 1141 et
814 1087 900 1141 cum
927 1064 1063 1141 chinea
1079 1065 1197 1142 stiam
1217 1088 1371 1143 censum
1389 1071 1535 1164 septem
1551 1067 1715 1143 millium
1733 1067 1959 1144 ducatorum
1979 1070 2077 1166 auri,

643 1229 689 1282 ac
715 1207 836 1283 etiarn
862 1212 1028 1286 tractam
1054 1211 1165 1306 grani
1192 1233 1237 1287 ex
1265 1210 1404 1304 Sicilia,
1433 1211 1621 1287 scotiam
1649 1210 1744 1286 duas
1762 1213 1929 1308 quinque
1957 1234 2079 1288 remes

642 1351 741 1427 bene
768 1353 950 1428 armatas.

748 1633 818 1710 His
846 1635 980 1712 diebus
1007 1636 1116 1715 venit
1153 1637 1194 1712 in
1221 1636 1355 1714 urbem
1393 1660 1495 1717 nova
1523 1638 1569 1714 de
1606 1638 1715 1715 obitu
1752 1639 1954 1716 cardinalis
1989 1640 2077 1716 stri·

641 1781 833 1879 goniensis
859 1781 1024 1879 hungari
1039 1782 1105 1879 qui
1137 1782 1235 1860 abiit
1253 1782 1476 1860 duodecima
1498 1783 1611 1880 junii,
1642 1787 1683 1860 et
1718 1783 1851 1862 eadem
1876 1785 1937 1862 die
1963 1787 2077 1862 simul

642 1925 868 2002 nunciatam
895 1929 955 2003 est
981 1925 1117 2004 ducem
1144 1925 1392 2004 Venetiarum
1420 1927 1558 2005 obiisse
1586 1929 1651 2025 qui
1679 1927 1755 2004 fuit
1780 1928 2039 2008 Lauredanus.

747 2210 819 2289 Die
845 2234 948 2288 nona
970 2211 1060 2310 julii
1087 2214 1265 2289 mortuus
1282 2217 1342 2290 est
1360 2212 1564 2288 cardinalis
1582 2214 1705 2289 sancti
1719 2211 1883 2310 Georgii,
1903 2213 2076 2312 Raphael

639 2350 792 2428 Itiarius
818 2353 1050 2447 savonensis,
1071 2353 1237 2432 decanus
1256 2355 1406 2452 collegii
1426 2359 1467 2432 st
1483 2356 1679 2453 spiscopus
1698 2356 1884 2449 ostiensis,
1905 2357 2076 2454 quicum

639 2498 740 2570 esset
765 2496 906 2581 aetatis
933 2517 1025 2572 suae
1052 2519 1151 2570 anno
1178 2497 1425 2572 decimonono
1444 2502 1596 2571 creatus
1611 2500 1671 2572 est
1689 2519 1713 2570 a
1731 2495 1839 2571 Sixto
1858 2498 2073 2592 cardinalis,

639 2633 793 2709 demum
811 2634 851 2708 in
869 2635 1053 2730 vigesimo
1072 2634 1237 2711 secundo
1255 2634 1381 2709 factus
1399 2637 1634 2712 camararius
1652 2635 1692 2708 in
1705 2657 1782 2733 quo
1797 2637 1939 2712 mansit
1953 2661 2074 2715 annos

639 2775 778 2874 viginti
799 2798 949 2870 novem,
970 2780 1011 2854 et
1027 2775 1081 2853 sic
1100 2799 1201 2852 anno
1220 2778 1579 2875 sexagesimoprimo
1598 2777 1658 2856 vel
1678 2777 1776 2854 circa
1790 2777 1887 2853 obiit
1899 2776 2072 2875 Neapoli,

637 2920 746 3018 cujus
773 2919 903 2997 anima
929 2922 1144 3032 requiescat
1172 2921 1212 2996 in
1240 2944 1345 3020 pace.
1373 2921 1445 2998 Hic
1471 2920 1588 3018 elegit
1613 2921 1686 2996 sibi
1712 2921 1926 3020 sepulcrum
1954 2923 1994 2998 in
2016 2946 2073 3000 sc-

637 3063 753 3140 clesia
779 3063 982 3162 collegiata
1010 3087 1039 3140 s.
1068 3064 1269 3140 Laurentii
1296 3065 1336 3140 in
1363 3065 1528 3140 Damaso
1556 3063 1603 3140 ds
1629 3063 1735 3138 urbe.

602 3403 609 3419 .
739 3349 815 3426 -Die
832 3351 970 3428 octava
988 3349 1127 3437 mensis
1146 3350 1236 3446 julii
1255 3349 1408 3429 vacavit
1426 3371 1494 3446 per
1511 3349 1660 3426 obitum
1679 3349 1749 3424 bo:
1769 3369 1851 3424 me:
1868 3347 2072 3447 Raphaelis

638 3490 685 3568 ds
712 3491 841 3568 Riario
869 3494 1089 3569 savonensis
1117 3492 1318 3569 cardinalis
1338 3517 1367 3568 s.
1388 3493 1551 3594 Georgii,
1570 3495 1611 3568 et
1628 3493 1790 3590 episcopi
1810 3491 1985 3567 ostiensis
2005 3492 2069 3568 de·

635 3634 796 3732 canique
823 3632 973 3731 collegii
999 3641 1171 3710 mirorum
1198 3636 1462 3727 cardinalium,
1483 3635 1756 3710 camerariatus
1777 3656 1892 3730 quem
1906 3635 1986 3730 ipss
2004 3656 2071 3731 per

635 3800 756 3853 annos
768 3778 1059 3874 trigintinovem
1079 3781 1260 3854 tenuerat
1278 3802 1302 3853 a
1320 3778 1543 3854 duodecimo
1563 3776 1704 3852 aetatis
1723 3799 1815 3852 suae
1834 3799 2069 3874 annonaque

635 3921 685 3999 ad
712 3945 855 3998 annum
874 3922 1151 4020 sexagesimum
1169 3921 1335 4020 primum
1352 3921 1414 4000 vel
1433 3922 1543 4013 circa,
1564 3923 1605 3997 st
1634 3943 1664 3996 s.
1699 3919 1744 3995 D.
1778 3919 1826 3997 N.
1860 3920 1936 3997 Leo
1955 3921 2066 3998 hodie

635 4087 733 4164 quae
761 4069 820 4142 est
846 4067 1011 4162 septima
1038 4065 1178 4142 mensis
1206 4067 1361 4163 augusti
1390 4066 1555 4142 contulit
1572 4071 1657 4139 rmo
1677 4064 1712 4139 d.
1732 4063 1957 4140 Innocentio
1977 4064 2069 4142 (libo

634 4207 793 4282 diacono
821 4205 1005 4282 cardinali
1031 4208 1162 4303 nepoti
1191 4228 1260 4282 auo
1289 4228 1335 4283 ex
1363 4228 1492 4283 sorore
1519 4206 1559 4280 in
1577 4205 1773 4301 trigesimo
1802 4227 1902 4281 anno
1926 4205 2066 4281 consti·

633 4347 735 4440 tuto,
763 4349 805 4421 st
831 4346 885 4422 sic
911 4346 1023 4422 hodie
1051 4347 1324 4443 possessionem
1351 4345 1514 4442 adeptus
1541 4348 1611 4421 est.

471 4666 564 4728 5427
582 4687 605 4729 ,‚
739 4633 811 4711 Dis
852 4636 989 4712 octava
1025 4633 1180 4731 augusti
1217 4656 1304 4710 cum
1332 4633 1436 4730 Papa
1463 4635 1563 4708 esset
1589 4631 1629 4705 in
1664 4631 1885 4708 consistorio
1914 4632 1953 4707 in
1981 4653 2066 4709 arce

630 4805 660 4857 s.
689 4779 839 4879 Angeli,
868 4783 1105 4857 accesserunt
1124 4779 1173 4856 ad
1191 4801 1279 4856 eum
1298 4781 1372 4854 rmi
1391 4779 1649 4855 Bernardinus
1668 4777 1844 4874 Oarvajal
1863 4778 2066 4853 cardinalis

630 4949 660 5004 s.
689 4927 818 5004 Crucis
845 4928 1040 5025 episcopus
1067 4948 1190 5004 novus
1217 4925 1403 5016 ostiensis,
1432 4928 1473 5000 et
1499 4923 1680 5000 Nicolaua
1707 4923 1754 4997 ds
1782 4923 1902 5000 iliaco
1924 4923 2065 5022 episco-

498 5172 503 5184 .
630 5091 701 5168 pus
727 5091 851 5148 noras
879 5069 1089 5146 sabinensis
1117 5091 1185 5166 pro
1213 5067 1472 5166 praestatione
1495 5066 1719 5162 juramenti.

464 5361 484 5420 r
503 5361 558 5421 aas
574 5377 604 5422 v.
737 5351 809 5428 Die
824 5350 1012 5428 dominica
1026 5351 1296 5450 decimaprima
1314 5351 1471 5446 augusti
1490 5372 1576 5426 cnm
1594 5347 1700 5447 Papa
1718 5352 1818 5424 esset
1835 5349 1876 5422 in
1895 5349 2064 5441 castello,

632 5492 738 5568 dedit
764 5493 924 5590 pallium
950 5499 1035 5570 rme
1064 5493 1304 5570 cardinalis.
1333 5490 1461 5567 crucis
1490 5492 1662 5588 episcopo
1695 5491 1852 5567 ostiensi
1886 5512 1954 5587 pro
1983 5491 2065 5586 ipso
