4970 6352
919 535 953 580 ra
976 532 1091 580 nmmo
1114 533 1150 580 nr
1173 531 1256 580 rara
1279 533 1393 581 canuc
1415 536 1447 582 x.
1862 516 1905 584 35

1695 627 1906 638 —au—

467 754 712 850 perseverent
744 755 783 828 in
816 753 1035 850 hujusmodi
1073 751 1250 850 opinione
1278 753 1376 829 velle
1412 754 1648 845 sooieiabem,
1687 754 1789 853 quod
1827 777 1905 832 non

465 898 661 972 benebibur
689 898 852 994 amplius
879 898 960 971 ulla
986 897 1114 988 sessio,
1145 898 1185 972 eb
1212 896 1264 972 sic
1292 898 1394 993 quod
1422 899 1623 996 privilegia
1659 921 1758 994 quae
1791 901 1904 995 puba-

468 1040 610 1114 banbur
636 1063 704 1139 per
723 1041 913 1140 praelatos
941 1043 1075 1116 contra
1089 1041 1255 1130 Pralres,
1275 1041 1362 1114 bolli
1381 1043 1452 1114 cub
1478 1040 1700 1132 modificari,
1731 1040 1903 1134 sbabunb,

468 1185 691 1281 etamplius
718 1208 794 1260 non
822 1184 1106 1260 revocabuntur
1125 1187 1242 1278 proub
1267 1185 1378 1280 ‘quasi
1407 1185 1606 1260 delinitum
1626 1187 1697 1276 esb,
1726 1184 1906 1262 videlicet

467 1324 569 1419 quod
595 1347 672 1399 non
691 1323 767 1399 crib
793 1323 955 1420 amplius
974 1322 1054 1396 ulla
1082 1323 1209 1413 sessio,
1239 1323 1303 1399 sed
1323 1324 1425 1419 quod
1453 1324 1501 1398 ab
1530 1323 1678 1399 ocbobri
1707 1323 1755 1398 ad
1784 1324 1904 1398 alium

467 1468 672 1558 octobrem,
701 1469 742 1542 eb
759 1467 813 1543 sic
839 1467 879 1541 in
907 1468 1134 1564 perpetuum
1163 1466 1371 1542 differatur.

571 1752 643 1829 Die
669 1752 847 1829 mercurii
874 1755 1014 1848 quarta
1050 1753 1171 1830 mensi
1195 1752 1309 1849 junii,
1339 1753 1517 1832 Ponbifex
1553 1757 1736 1833 nobilium
1764 1754 1904 1831 habuib
1928 1760 2064 1819 Pol-173
2082 1778 2110 1818 v·
2161 1829 2165 1840 ,

466 1899 656 1999 quomodo
683 1898 905 1976 Franciscus
923 1899 1045 1974 Maria
1063 1899 1155 1975 olim
1183 1901 1262 1975 dux
1281 1901 1417 1978 Urbini
1436 1925 1505 1980 nec
1523 1927 1600 1982 non
1618 1905 1783 2000 Pisauri,
1804 1904 1902 2000 (39).

466 2047 507 2119 eb
534 2044 773 2142 Sonogalliae
801 2044 978 2120 dominus
1005 2067 1051 2120 ex
1079 2045 1170 2140 ipsis
1197 2045 1289 2122 locis
1318 2048 1470 2145 aufugit
1497 2051 1609 2125 nocbe
1635 2073 1703 2147 par
1731 2072 1836 2126 mare
1855 2049 1903 2125 ad

467 2189 723 2261 mantuanum
759 2185 1016 2274 marchionem
1044 2208 1214 2262 socerum
1243 2187 1339 2282 ejus,
1368 2191 1408 2264 eb
1435 2188 1589 2286 insuper
1616 2189 1776 2286 agnovit
1796 2213 1901 2266 exer·

467 2330 588 2404 cilum
616 2329 804 2406 Ecclesiae
827 2329 1022 2405 Romanae
1050 2328 1117 2426 qui
1144 2330 1192 2403 ad
1222 2328 1373 2404 moenia
1401 2330 1551 2405 Pisauri
1579 2333 1905 2408 casbrcmenbabus
1968 2345 1989 2366 ·“

465 2477 524 2550 esi
552 2475 592 2548 ab
618 2474 715 2565 crab,
744 2473 1028 2570 aliquantulum
1057 2473 1326 2565 retrocessisse,
1352 2472 1477 2550 missis
1514 2474 1554 2548 in
1582 2475 1716 2551 urbem
1755 2475 1905 2550 Pisauri

465 2616 657 2712 aliquibus
685 2638 731 2691 ex
759 2593 961 2711 prioribus,
976 2615 1041 2710 qui
1078 2636 1166 2688 cum
1205 2615 1352 2690 civibus
1394 2616 1441 2691 de
1482 2617 1586 2712 pacis
1623 2616 1906 2693 conditionibus

465 2759 634 2852 agerent.
664 2755 734 2830 Die
762 2777 853 2830 vero
881 2754 1054 2849 sequenti
1083 2756 1254 2830 inuoluit
1283 2757 1450 2851 qualiter
1468 2778 1602 2832 omnes
1621 2758 1767 2853 pedibas
1800 2757 1905 2834 ducis

465 2900 531 2997 qui
560 2901 665 2974 inlus
694 2899 817 2988 erant,
846 2899 997 2994 recepbo
1025 2896 1154 2994 aliquo
1183 2897 1383 2994 stipendio,
1414 2901 1610 2976 cessorunc
1629 2921 1698 2975 nec
1716 2921 1904 2998 repugna·

465 3047 557 3120 runi
585 3067 624 3121 se
652 3042 739 3120 duci
768 3042 817 3118 ab
845 3041 1014 3118 exercitu
1042 3042 1251 3141 apostolico
1280 3063 1347 3139 per
1374 3040 1444 3117 illa
1470 3043 1566 3134 loca,
1594 3063 1642 3118 ne
1670 3042 1711 3118 in
1735 3042 1904 3120 bransibu

465 3189 609 3289 aliquid
636 3186 730 3264 mali
759 3189 940 3264 facerent.
970 3187 1075 3263 Tunc
1103 3187 1207 3282 Papa
1233 3185 1451 3285 episcopum
1478 3187 1674 3262 troianum
1702 3207 1748 3262 eo
1787 3184 1904 3263 desii·

464 3334 576 3408 navib
612 3330 924 3423 commissarium,
961 3332 1027 3428 qui
1060 3353 1137 3404 non
1165 3329 1365 3426 pateretur
1392 3329 1548 3428 aliquod
1583 3330 1731 3406 malum
1758 3329 1904 3408 civibus

464 3474 608 3568 inferri,
638 3479 720 3550 bam
749 3475 789 3551 iu
817 3475 986 3570 personis
1013 3496 1129 3569 quam
1156 3471 1197 3547 in
1224 3472 1347 3566 bonis,
1375 3473 1603 3572 praesertim
1640 3475 1681 3552 in
1717 3473 1902 3552 messibus

466 3643 564 3717 quae
593 3619 717 3696 adhuc
745 3620 786 3695 in
813 3618 941 3695 herbis
968 3619 1081 3693 arani
1108 3620 1149 3693 el
1175 3618 1278 3691 suni.

569 3921 639 3997 Die
669 3920 814 3997 veneris
842 3919 988 3995 decima
1015 3921 1153 3995 octava
1166 3915 1256 4015 julii
1285 3917 1434 3994 Marcus
1460 3917 1644 4015 Vegerius
1681 3917 1902 3994 savonensis
1927 3935 1948 3994 r.
1969 3937 2021 3994 ue
2039 3955 2062 3994 ι.

463 4066 606 4142 ordinis
624 4087 654 4138 s.
670 4063 860 4138 Francisoi
879 4061 1083 4138 cardinalis
1101 4060 1388 4159 senogalliensis
1408 4063 1450 4136 eb
1467 4061 1663 4158 episcopus
1690 4061 1899 4157 praenesti-

463 4231 533 4282 nus
561 4208 762 4283 deluncbus
791 4208 849 4282 est
876 4205 915 4279 in
943 4205 1101 4280 aedibus
1138 4205 1216 4280 suis
1244 4204 1346 4301 apud
1374 4228 1403 4279 s.
1443 4203 1605 4278 Mariam
1625 4203 1901 4298 bransbiberim,

462 4374 562 4426 anno
591 4349 732 4426 aebalis
759 4371 851 4425 suae
877 4349 1157 4446 septuagesimo
1195 4348 1372 4440 secundo,
1402 4350 1443 4424 eb
1483 4348 1544 4424 die
1580 4349 1731 4424 sabbabi
1772 4351 1901 4427 facbae

461 4493 726 4590 sunbvigiliae,
738 4492 1000 4590 praesentibus
1010 4491 1297 4588 vigintiduobus
1308 4491 1575 4583 cardinalibus,
1585 4490 1900 4568 sbudecalesiam

463 4635 699 4736 praedictam
725 4661 755 4713 s.
775 4637 920 4712 Mariae
948 4636 1057 4733 cujus
1083 4634 1254 4710 titularis
1281 4634 1421 4726 luerat,
1450 4632 1590 4709 ibidem
1619 4633 1814 4731 deposibus
1842 4637 1901 4711 est

462 4805 548 4858 cum
568 4781 721 4857 deorebo
740 4779 1028 4878 bransporbandi
1056 4801 1191 4876 corpus
1218 4777 1301 4874 ejus
1329 4775 1378 4851 ad
1406 4775 1608 4854 Senonum.

569 5065 641 5139 Die
665 5063 766 5159 jovis
794 5062 957 5160 septima
983 5064 1139 5162 augusti
1168 5067 1343 5140 mortuus
1371 5067 1430 5142 osb
1454 5063 1667 5140 Pridericus
1696 5061 1899 5142 cardinalis
1926 5074 2021 5135 arro
2038 5096 2069 5135 v.

463 5208 644 5285 diaconus
672 5207 944 5284 Sanseverinas
970 5209 1010 5284 in
1039 5207 1196 5285 aedibus
1233 5208 1324 5300 suis,
1359 5210 1400 5282 el
1434 5205 1567 5282 eodem
1609 5206 1671 5283 die
1698 5206 1900 5314 funeratus

463 5354 521 5426 esi
548 5377 632 5426 cum
661 5353 785 5428 solibis
814 5353 953 5450 vigiliis
981 5354 1119 5452 quibus
1147 5353 1408 5428 interfuerunt
1440 5351 1651 5427 cardinales
1686 5350 1896 5428 duodecim.
1969 5383 1972 5390 ·
