4948 6368
658 677 702 744 88
1209 697 1332 745 aaaron
1355 699 1402 744 aa
1428 698 1544 746 omem
1605 729 1606 734 η

1302 791 1634 800 ..Ψ-...αο-
1639 792 1655 798 -
1870 791 2023 800 --ῌ--ω
2027 791 2093 800 ιιι-ι-

446 923 509 981 Fol.
527 926 581 982 435
599 943 627 983 v.
763 916 833 990 Die
849 916 1031 1010 vigesima
1050 921 1188 1012 quarta
1207 918 1423 992 novembris
1442 918 1537 992 hora
1555 917 1665 1012 quasi
1686 918 1808 1013 prima
1827 920 1963 1008 noctis,
1984 919 2095 992 audi·

656 1055 781 1130 vimus
794 1055 1024 1131 bombardae
1044 1057 1083 1130 in
1102 1057 1252 1154 signum
1272 1057 1447 1131 laetitiae
1465 1077 1512 1132 er
1531 1056 1661 1132 castro
1680 1079 1709 1131 s.
1730 1055 1865 1154 Augeii
1884 1056 1933 1131 ob
1948 1055 2090 1132 Medio·

655 1200 734 1272 lani
753 1203 906 1296 captum
923 1200 1006 1292 (iil)
1027 1225 1051 1274 a
1069 1201 1209 1276 nostris
1236 1200 1423 1274 militibus
1453 1223 1539 1275 cum
1560 1206 1693 1277 nostro
1711 1201 1840 1295 legato
1858 1207 1990 1275 revriro
2009 1222 2090 1275 car-

655 1337 773 1413 dinali
792 1339 838 1414 de
857 1337 1022 1432 Medicis,
1043 1339 1166 1436 quiin
1187 1339 1347 1414 civitate
1361 1339 1567 1414 Mediolani
1586 1362 1674 1415 cum
1694 1342 1862 1419 exercitu
1882 1343 2091 1437 apostolico

654 1476 846 1576 ingressus
873 1484 985 1572 esset,
1002 1481 1160 1578 direptis
1188 1481 1384 1557 Gallorum
1411 1481 1559 1558 castris.
1588 1482 1694 1582 Papa
1720 1487 1774 1562 sic
1791 1487 1945 1582 gavisus
1973 1490 2033 1561 est
2047 1490 2092 1561 ut

653 1645 852 1720 nunquam
880 1624 964 1720 pius
992 1623 1164 1701 laetatus
1191 1626 1330 1720 iuerat,
1347 1630 1388 1702 et
1415 1648 1462 1702 ex
1489 1627 1682 1723 Magliana
1700 1628 1765 1704 ubi
1786 1633 1882 1720 erat,
1902 1631 2028 1726 plures
2047 1653 2091 1706 ac

653 1767 782 1866 piures
793 1768 959 1865 singulis
972 1767 1074 1845 horis
1089 1772 1246 1848 nuncios
1258 1771 1470 1866 mandavit,
1482 1774 1714 1873 praecipiens
1727 1796 1795 1871 per
1812 1772 1881 1849 hos
1896 1776 1941 1848 ut
1955 1771 2091 1848 flerent

652 1912 762 2007 signa
790 1911 1037 2002 festivitatis;
1067 1935 1166 2009 quae
1194 1915 1303 2012 signa
1330 1917 1587 2011 pertriduum
1611 1915 1869 2012 perdurarunt
1896 1914 2029 1997 diebus
2049 1920 2090 1990 et

652 2055 840 2150 noctibus,
856 2057 997 2133 etcum
1026 2057 1087 2134 die
1115 2057 1298 2155 vigesima
1326 2059 1462 2155 quinta
1489 2081 1587 2156 quae
1615 2059 1690 2135 fuit
1709 2059 1788 2135 dies
1807 2081 1836 2135 s.
1857 2057 2088 2134 catharinae

655 2201 758 2298 Papa
785 2201 970 2292 rediisset,
999 2203 1076 2277 fuit
1104 2227 1128 2278 a
1154 2202 1296 2298 populo
1325 2226 1409 2279 cum
1438 2204 1650 2280 incredibili
1670 2204 1884 2281 festivitate
1899 2208 2087 2303 exceptus,

653 2344 720 2441 qui
746 2366 834 2419 cum
863 2345 1053 2421 olivarum
1083 2347 1201 2421 ramis
1230 2349 1269 2421 et
1297 2345 1504 2442 plausibus,
1520 2350 1561 2423 ot
1576 2349 1680 2424 tubis
1699 2351 1740 2424 et
1758 2346 1905 2444 sclopis,
1928 2351 1970 2422 et
1987 2347 2091 2423 simi·

652 2486 753 2562 libus
780 2486 956 2563 laetitiae
986 2486 1103 2584 signis
1145 2487 1307 2562 occurrii
1335 2489 1382 2561 ei.
1412 2487 1506 2562 Post
1535 2487 1628 2564 haec
1655 2489 1760 2586 Papa
1787 2489 2005 2566 cubiculum
2030 2488 2089 2562 in·

652 2652 814 2728 messus,
830 2631 1023 2728 aliquibus
1051 2630 1154 2706 horis
1182 2631 1331 2726 quievit
1358 2630 1483 2705 dicens
1509 2653 1588 2705 non
1615 2632 1712 2708 bene
1739 2655 1779 2708 se
1806 2633 1959 2724 hahere,
1979 2631 2089 2707 etsie

653 2775 714 2851 die
742 2775 920 2852 mercurii
947 2797 1024 2851 non
1052 2776 1128 2851 fuit
1154 2775 1433 2867 consistorium,
1449 2797 1521 2850 nec
1548 2776 1740 2873 equitavit
1759 2776 1807 2852 ad
1827 2776 2022 2853 ecclesiam
2042 2775 2088 2852 de

652 2918 799 3015 Populo
828 2918 877 2991 ad
904 2941 1019 3015 quam
1046 2940 1086 2994 se
1114 2917 1262 2994 dixerat
1287 2918 1387 2996 velle
1415 2920 1471 2994 ire
1498 2918 1718 2994 redditurus
1745 2921 1799 2996 ibi
1826 2922 1972 3017 gratias
1990 2919 2084 2996 Deo.

617 3255 624 3270 .
758 3203 804 3278 Ia
832 3203 893 3278 die
920 3226 950 3279 s.
981 3202 1156 3280 Andreae
1198 3203 1350 3279 missam
1393 3205 1603 3281 celebravit
1643 3205 1944 3302 archiepiscopus
1982 3207 2085 3282 nico·

616 3355 619 3362 ’
651 3347 794 3440 aiensis,
811 3347 1073 3446 praesentibus
1087 3346 1293 3444 vigintisex
1307 3347 1575 3440 cardinalibus,
1595 3347 1753 3423 absente
1768 3346 1885 3444 Papa,
1906 3347 1972 3445 qui
1987 3345 2084 3423 dice·

651 3491 768 3568 batur
795 3489 1013 3588 aliquanter
1048 3493 1248 3587 aegrotare
1275 3515 1321 3567 ex
1358 3492 1550 3588 superflua
1577 3491 1741 3585 laetitia,
1770 3515 1886 3589 quam
1914 3491 2086 3589 concepit

651 3658 698 3711 ex
724 3635 885 3730 captura
911 3631 1131 3710 Mediolani.
1808 3649 1809 3652 ‘

757 3923 829 3999 Die
856 3921 1045 3997 dominica
1072 3942 1173 4019 quae
1200 3921 1276 3995 fuit
1303 3921 1426 4017 prima
1454 3919 1595 3996 mensis
1624 3918 1841 4011 decembris,
1857 3919 1953 3996 hora
1977 3919 2084 4017 quasi

650 4067 825 4162 septima,
842 4067 1018 4139 mortuus
1045 4068 1105 4138 est
1132 4063 1236 4158 Papa
1264 4062 1339 4137 Leo
1367 4062 1545 4152 decimus,
1560 4063 1654 4156 quin
1673 4060 1811 4156 aliquis
1836 4060 2085 4156 praevidisset

650 4231 781 4284 casum
808 4229 934 4298 suurn,
963 4229 1051 4279 nam
1095 4203 1230 4278 medici
1271 4204 1395 4298 ipsum
1423 4201 1600 4277 dicebant
1632 4202 1770 4276 leviter
1811 4203 2011 4296 aegrotare
2037 4221 2083 4274 ex

497 4339 499 4344 ¹
650 4353 801 4429 catarro
830 4351 1010 4446 concepto
1039 4349 1078 4422 in
1106 4346 1200 4424 vilia
1227 4345 1453 4442 Maglianae.
1483 4344 1639 4422 Parides
1667 4343 1792 4420 media
1818 4347 1929 4418 nocte
1949 4341 2022 4421 ivit
2043 4343 2081 4416 in

650 4494 866 4570 cubiculum
896 4491 1038 4567 mortui
1067 4491 1204 4586 Papae,
1233 4492 1274 4563 et
1302 4487 1453 4564 invenit
1479 4509 1568 4563 eum
1592 4489 1674 4583 jam
1699 4487 1878 4584 frigidum
1898 4487 2006 4582 quasi
2024 4489 2082 4562 ni·

648 4662 772 4737 grum.
802 4637 914 4712 Mane
942 4657 1072 4712 ornnes
1101 4633 1311 4710 cardinales
1339 4632 1405 4729 qui
1434 4635 1545 4708 erant
1574 4631 1613 4707 iu
1642 4631 1747 4723 urbe,
1781 4652 1939 4707 numero
1958 4629 2082 4729 vigin-

648 4783 819 4859 tinovem
847 4783 1038 4857 venerunt
1065 4780 1113 4853 ad
1143 4777 1344 4874 palatium,
1360 4775 1426 4849 ubi
1445 4777 1509 4851 vix
1530 4775 1677 4870 ingredi
1695 4777 1905 4871 potuerunt
1930 4777 2084 4870 propter

649 4920 938 4997 multitudinem
965 4918 1106 5017 populi.
1135 4917 1241 4992 illico
1270 4915 1363 4990 iacti
1390 4917 1482 4990 sunt
1511 4935 1577 5010 per
1604 4935 1753 4988 sacrum
1782 4913 1983 5009 collegium
2003 4911 2080 4987 duo

648 5067 934 5164 gubernatores,
950 5085 1049 5138 unus
1063 5061 1180 5154 urbis,
1210 5063 1250 5136 at
1277 5058 1377 5135 alter
1404 5057 1550 5156 palatii,
1564 5061 1604 5134 et
1631 5059 1852 5154 capitaneus
1879 5054 1985 5131 urbis
2015 5056 2081 5152 qui

649 5209 726 5285 fuit
752 5199 1026 5284 Constantinus
1068 5205 1294 5282 comnenus.
1324 5204 1471 5300 Aperte
1500 5201 1684 5278 cadavere
1711 5198 1851 5295 Papae,
1880 5198 2084 5275 inventum

649 5355 709 5428 est
735 5373 799 5428 cor
826 5350 1063 5427 maculatum
1090 5351 1131 5424 et
1157 5347 1296 5444 splenis
1324 5348 1471 5442 partem
1502 5366 1693 5420 corrosam
1712 5347 1752 5419 et
1770 5341 1880 5418 lienis
1905 5343 2084 5418 similiter

650 5499 800 5594 partem
830 5493 1022 5586 vitiosam,
1038 5515 1154 5590 quam
1172 5494 1258 5566 tum
1285 5489 1453 5586 chirurgi
1488 5492 1575 5564 tum
1611 5487 1742 5586 phisici
1781 5484 1963 5564 viderunt
1994 5506 2083 5561 cunr
