4970 6352
882 637 916 682 u.
939 636 1053 682 nrxxro
1077 637 1112 682 ur
1135 635 1219 682 usur
1241 635 1355 682 rauna
1377 637 1409 687 x.
1839 613 1860 680 3

423 854 582 929 indutus
619 877 705 930 cum
733 853 914 928 sandaliis
942 853 1087 950 accepit
1118 875 1250 929 ornnes
1278 852 1488 928 cardinales
1515 855 1557 928 et
1594 853 1786 950 praelatos
1814 852 1864 927 ad

424 996 579 1072 solitam
606 997 874 1090 reverentiam,
891 1000 933 1073 et
950 998 1168 1095 praemissis
1186 997 1373 1093 precibus,
1393 994 1597 1074 cardinalis
1612 996 1659 1072 de
1677 995 1864 1073 Petrutiis

424 1140 599 1214 cantavit
626 1139 879 1236 evangelium.
899 1139 997 1213 'Pom
1017 1141 1134 1236 Papa,
1152 1140 1297 1216 indicto
1312 1140 1478 1233 silentio,
1495 1140 1634 1215 habuit
1651 1162 1864 1242 sermonem

425 1300 539 1374 quem
571 1277 758 1353 conclusit
784 1277 975 1352 affirmans
1002 1278 1098 1351 illud
1125 1301 1206 1354 esse
1234 1278 1433 1355 concilium
1463 1280 1702 1355 lateranense
1729 1300 1862 1355 verum

426 1419 467 1491 et
493 1417 708 1512 legitimum
736 1416 837 1512 quod
865 1439 935 1515 pro
964 1416 1236 1493 reformatione
1263 1417 1388 1508 Urbis,
1418 1419 1459 1492 et
1486 1417 1607 1508 Orbis,
1635 1439 1680 1492 ac
1706 1439 1798 1513 pace
1824 1419 1867 1492 et

426 1556 554 1653 quiete
570 1557 611 1630 in
624 1556 832 1654 Republica
846 1557 1055 1633 christiana
1069 1557 1293 1634 continuare
1321 1557 1547 1633 intendebat
1565 1560 1681 1654 prout
1694 1556 1811 1632 latius
1825 1556 1866 1631 in

428 1699 548 1790 bulla,
565 1700 607 1776 et
621 1698 756 1774 cedula
773 1721 862 1775 mox
876 1698 1037 1798 legenda
1055 1702 1268 1798 appareret.
1289 1700 1384 1776 Post
1401 1714 1615 1777 sermonem
1642 1702 1867 1799 procurator

429 1843 578 1934 fiscalis,
609 1845 650 1919 et
676 1845 873 1940 promotor
900 1844 1049 1920 concilii
1086 1844 1168 1918 alta
1194 1861 1288 1920 voce
1316 1844 1490 1920 citarunt
1524 1865 1656 1919 omnes
1683 1843 1868 1919 habentes

428 1987 612 2062 mandata
639 1989 719 2062 tam
749 2011 773 2060 a
800 1986 1043 2086 principibus,
1064 1989 1105 2063 et
1123 1985 1382 2082 comitatibus,
1406 2010 1523 2085 quam
1542 1987 1591 2062 ab
1619 1987 1803 2084 episcopis
1823 1989 1870 2063 ut

429 2130 562 2207 eadem
590 2131 827 2222 exhiberent,
854 2134 895 2208 et
923 2131 1024 2207 illico
1052 2135 1222 2208 oratores
1249 2131 1442 2208 florentini
1469 2132 1510 2208 in
1537 2132 1715 2208 manibus
1742 2132 1869 2231 Papae

433 2271 623 2348 dederunt
648 2295 761 2346 suum
790 2272 1013 2347 mandatnm
1034 2272 1136 2368 quod
1154 2273 1194 2347 in
1212 2274 1361 2371 pulpito
1389 2274 1532 2350 lectum
1559 2273 1636 2349 luit
1654 2297 1678 2348 a
1696 2272 1732 2348 d.
1748 2272 1870 2349 lledra

434 2417 582 2495 concilii
610 2416 824 2514 secretario.
840 2415 955 2491 Multi
982 2417 1101 2492 etiarn
1119 2420 1384 2512 procuratores
1412 2417 1650 2492 diversorum
1678 2419 1869 2514 episcopo·

432 2585 520 2635 rum
547 2560 772 2636 detulerunt
798 2558 981 2632 mandata
999 2582 1068 2656 pro
1088 2559 1165 2634 illis
1185 2581 1225 2634 se
1253 2560 1534 2635 excusantibus.
1564 2557 1709 2634 Deinde
1736 2577 1870 2653 procu·

434 2703 543 2776 rator
570 2700 706 2776 fiscalis
730 2703 771 2776 et
789 2704 986 2796 promotor
1004 2701 1152 2778 concilii
1171 2704 1401 2776 accusarunt
1418 2701 1697 2777 contumaciam
1716 2699 1871 2773 illorum

433 2843 499 2937 qui
527 2865 604 2917 non
632 2845 897 2939 comparerent
916 2842 956 2916 in
971 2843 1141 2936 concilio,
1158 2848 1200 2920 et
1225 2845 1474 2940 postularunt
1501 2846 1547 2917 ut
1565 2842 1758 2919 declarare
1786 2862 1871 2936 pos·

434 2987 521 3060 sent
539 2984 690 3062 eosdem
710 2984 750 3057 in
770 3005 931 3080 poenum
950 2983 1044 3058 iuris
1063 2961 1249 3060 incidisse.
1270 2983 1455 3059 Attamen
1474 2983 1580 3081 Papa
1599 2982 1746 3057 nullum
1767 2981 1874 3058 dedit

434 3145 668 3220 responsum,
689 3124 756 3219 qui
783 3123 901 3198 etiam
931 3121 979 3197 ab
1008 3123 1113 3197 omni
1139 3122 1383 3219 responsione
1421 3122 1611 3198 abstinuit
1644 3143 1730 3196 cnm
1758 3119 1873 3196 iidem

433 3268 657 3362 procurator
684 3266 832 3358 fiscalis,
861 3269 903 3342 et
929 3268 1126 3361 promotor
1152 3266 1302 3341 concilii
1329 3265 1512 3362 petierint
1538 3266 1584 3339 ut
1611 3287 1678 3361 per
1704 3264 1873 3341 edictum

436 3408 546 3484 citari
573 3412 701 3506 posset
741 3431 808 3484 rex
836 3391 1019 3484 Francius
1046 3429 1159 3506 super
1186 3407 1426 3506 pragmatica
1463 3406 1659 3483 sanctione
1690 3404 1873 3482 tollenda.

437 3551 534 3625 'l'um
568 3574 599 3625 r.
629 3575 665 3647 p.
695 3550 732 3626 d.
766 3552 909 3627 electus
936 3551 1117 3648 rheginus
1144 3551 1239 3648 legit
1261 3552 1301 3628 in
1329 3552 1478 3650 pulpito
1505 3552 1679 3629 cedulam
1707 3577 1822 3650 quam
1851 3575 1875 3627 a

439 3695 543 3792 Papa
571 3696 727 3793 accepit,
756 3719 870 3793 super
897 3697 1186 3772 continuatione
1213 3696 1374 3786 concilii,
1399 3699 1440 3772 et
1466 3697 1733 3793 reprobatione
1752 3695 1874 3772 conci·

439 3837 585 3929 babuli,
614 3840 654 3914 et
691 3839 898 3916 indictione
926 3840 1110 3937 septimae
1142 3839 1318 3915 sessionis
1353 3860 1452 3938 quae
1489 3843 1696 3937 prorogata
1724 3839 1800 3914 init
1827 3839 1876 3914 ad

439 3979 626 4057 decimum
656 3983 859 4082 septimum
880 3984 976 4061 iunii
995 3986 1163 4085 proxime
1191 3983 1325 4078 futuri,
1345 3986 1388 4061 et
1405 4007 1451 4062 ea
1469 3983 1604 4062 cedula
1623 3986 1734 4078 lecta,
1763 3983 1878 4084 petiit

439 4149 463 4201 a
490 4128 664 4224 patribus
699 4127 745 4202 de
772 4150 889 4240 more,
923 4152 973 4202 an
1000 4128 1195 4226 praedicta
1226 4130 1415 4226 placeant,
1449 4132 1491 4204 et
1522 4129 1699 4205 Pontifex
1732 4128 1878 4224 primus

440 4270 636 4367 respondit
657 4271 782 4364 placet.
803 4269 948 4347 Deinde
966 4294 1098 4348 omnes
1117 4274 1245 4369 patres
1264 4273 1438 4350 sedentes
1466 4295 1553 4348 cum
1572 4271 1698 4347 mitris
1725 4292 1877 4366 respon·

441 4413 582 4489 derunt
608 4435 675 4509 per
701 4413 862 4489 verbnm
886 4415 1010 4507 placet.
1030 4415 1126 4488 'l'um
1146 4415 1247 4492 illico
1267 4439 1366 4490 unns
1395 4436 1441 4491 ex
1468 4415 1771 4511 prothonotariis
1791 4435 1879 4488 cnm

442 4555 720 4631 scrutatoribus
758 4559 938 4631 votorum
976 4558 1154 4634 accedens
1191 4558 1238 4632 ad
1276 4558 1421 4655 Papam
1457 4557 1567 4648 dixit,
1596 4557 1713 4632 Pater
1742 4555 1881 4630 Sancte

444 4697 620 4772 omnibus
638 4697 819 4773 Patribus
846 4698 991 4795 placuit
1009 4699 1103 4774 illud
1124 4699 1225 4796 quod
1245 4723 1291 4776 ex
1310 4701 1444 4777 cedula
1462 4699 1601 4777 lectum
1622 4701 1693 4792 est,
1713 4700 1754 4776 et
1771 4699 1880 4794 signo

445 4839 535 4915 dato
556 4841 731 4916 cantores
749 4819 989 4917 inchoarunt.
1010 4847 1026 4879 ‘¹
1044 4844 1091 4918 Te
1104 4843 1220 4916 Deum
1233 4843 1416 4918 trudemus
1434 4899 1450 4932 „
1473 4846 1515 4919 et
1532 4843 1584 4919 sic
1598 4841 1711 4918 finem
1731 4839 1881 4930 habuit,

444 4980 560 5057 sessio
588 4983 684 5057 hora
711 4981 857 5058 decima
883 4985 1056 5083 septima.

551 5271 622 5349 Die
657 5273 807 5350 veneris
842 5273 990 5352 decima
1021 5276 1140 5353 tertia
1166 5276 1257 5376 maij
1291 5277 1338 5356 do
1373 5274 1557 5354 mandato
1588 5275 1717 5375 Papae
1753 5297 1884 5353 omnes
1909 5281 1973 5340 nor.
1992 5281 2029 5340 88
2046 5298 2070 5337 r·
2224 5259 2231 5270 ⁵

446 5416 584 5515 prelati
620 5424 883 5498 convenerunt
918 5420 1018 5519 apud
1056 5421 1287 5499 Lateranum
1325 5420 1382 5516 (8)
1420 5421 1459 5495 in
1496 5421 1588 5498 aula
1613 5418 1798 5518 superiori
1835 5417 1884 5495 ad
