4948 6368
823 642 857 689 rr.
879 641 994 689 orario
1018 643 1054 688 or
1076 643 1158 689 ram
1182 641 1294 692 uacua
1317 641 1348 690 x.
1771 621 1813 692 *13

372 857 788 936 vellantdicarevota
819 883 983 958 suaper
1012 861 1171 938 verbum
1203 862 1314 956 placet
1346 863 1407 939 val
1449 887 1515 938 uon
1556 865 1678 958 placet,
1722 889 1807 942 oum

367 1003 449 1100 jam
479 1005 690 1083 cardinales
719 1007 1033 1106 approbaverint.

477 1287 548 1362 Die
575 1290 725 1364 veneris
754 1288 1040 1387 decimaquinta
1066 1295 1197 1388 aprilis
1216 1295 1320 1369 aliud
1340 1297 1608 1372 consistorium
1631 1299 1811 1374 habitum
1837 1309 1969 1370 soreos
1987 1329 2015 1372 v.

371 1427 457 1519 luit,
486 1427 652 1504 maxime
678 1430 770 1526 quia
798 1431 986 1526 inprime
1015 1455 1092 1508 nou
1121 1437 1281 1510 venerat
1308 1434 1648 1528 oratorPranoiae,
1674 1437 1741 1533 qui
1769 1460 1810 1514 se

371 1570 568 1644 excusavit
596 1570 723 1646 dicens
751 1594 828 1646 non
856 1573 974 1649 luisse
1003 1573 1075 1648 sibi
1104 1572 1339 1648 intimatum.
1369 1574 1473 1670 Papa
1501 1573 1540 1648 in
1576 1575 1649 1650 hoc
1687 1575 1809 1650 consi·

369 1711 487 1785 storio
517 1715 765 1809 reassumpsit
792 1737 892 1810 quae
919 1737 986 1811 per
1015 1714 1245 1792 advocatum
1272 1717 1313 1790 in
1350 1715 1574 1793 consistorio
1613 1717 1810 1814 proposita

368 1853 536 1944 fuerant3
552 1855 676 1931 denuo
704 1857 819 1952 petiit
845 1859 891 1930 ut
918 1857 1059 1953 singuli
1087 1858 1181 1934 vota
1209 1855 1348 1932 darent
1379 1858 1588 1934 secundum
1617 1859 1807 1934 conscien-

368 1997 443 2070 tias
470 2019 570 2072 suas.

475 2281 544 2356 Die
573 2282 749 2358 mercurii
777 2282 961 2379 vigesima
989 2282 1123 2379 aprilis
1153 2283 1230 2358 fuit
1257 2305 1325 2379 par
1352 2306 1494 2381 papam
1528 2285 1569 2360 et
1595 2282 1806 2359 cardinales
1834 2301 1927 2360 cess
1945 2322 1969 2362 r.

368 2424 471 2500 lacta
503 2424 772 2501 determinatio
810 2425 883 2501 diei
922 2450 998 2522 qua
1034 2423 1211 2501 habenda
1247 2425 1470 2502 solemnitas
1492 2425 1805 2519 canonizationis,

367 2565 546 2641 videlicet
573 2566 763 2642 dominica
790 2567 913 2664 prima
941 2570 1028 2664 post
1056 2568 1216 2658 Pascha,
1245 2569 1422 2665 quaeest
1454 2567 1533 2644 dies
1553 2567 1677 2665 prima
1699 2589 1804 2643 men·

366 2709 417 2785 sis
444 2708 548 2784 maii.
577 2708 621 2786 In
650 2711 721 2788 hac
748 2714 881 2786 autem
910 2710 970 2787 die
998 2712 1132 2788 tantus
1162 2711 1238 2788 luit
1265 2712 1440 2811 populus,
1460 2715 1507 2788 ut
1544 2735 1674 2790 omnes
1702 2711 1805 2789 lene·

366 2858 469 2932 strae
496 2858 536 2930 in
564 2857 645 2932 alto
673 2857 863 2948 ecclesiae,
904 2878 1034 2934 omnes
1062 2859 1204 2949 trabas,
1243 2856 1373 2934 omnia
1409 2857 1493 2933 loca
1530 2857 1646 2954 plana
1677 2859 1807 2933 ament

366 3000 516 3099 populo.

471 3285 553 3363 Hoc
589 3310 689 3363 anno
726 3287 792 3384 qui
828 3290 889 3361 est
923 3291 1109 3384 septimus
1145 3291 1186 3365 in
1221 3288 1448 3386 pontificatu
1485 3289 1523 3364 S.
1557 3289 1603 3365 D.
1632 3289 1681 3365 N.
1710 3290 1803 3365 Leo·
1832 3299 1925 3358 aaa
1944 3318 1973 3360 v.

366 3431 423 3507 nis
451 3455 571 3528 papae
595 3431 642 3536 X,
659 3433 762 3508 lacta
780 3435 840 3509 est
858 3432 1035 3508 solemnis
1062 3431 1278 3509 benedictio
1291 3407 1483 3529 'agnorum
1502 3432 1573 3508 Dei
1591 3455 1660 3529 per
1684 3426 1803 3508 Suam

365 3574 619 3649 sanctitatem
646 3574 707 3649 dis
736 3576 912 3650 mercurii
940 3574 1289 3671 vigesimaseptima
1317 3574 1448 3672 aprilis
1476 3575 1516 3649 in
1545 3575 1636 3648 aula
1662 3598 1804 3672 magna

364 3737 461 3811 quae
488 3717 549 3790 est
574 3737 689 3809 supra
725 3713 960 3788 audientiam
998 3715 1132 3806 Rotas,
1149 3715 1187 3790 iu
1227 3739 1303 3812 qua
1339 3739 1441 3792 nunc
1478 3716 1681 3792 cardinalis
1710 3716 1802 3792 cibo

361 3857 567 3946 inhabitat,
595 3856 715 3932 etsie
743 3856 887 3953 placuit
914 3855 951 3931 S.
982 3856 1202 3950 Sanctitati,
1220 3842 1312 3954 quia
1339 3858 1411 3932 hac
1438 3857 1511 3932 tali
1540 3856 1601 3933 die
1637 3857 1718 3956 ipse
1742 3857 1802 3954 J'e·

357 3999 484 4097 juuat.
514 3999 805 4076 Innumerabilia
834 4001 911 4076 luit
937 4001 1046 4100 copia
1075 4025 1262 4102 agnorum
1289 4002 1360 4079 Dei
1398 4002 1574 4102 quamvis
1607 4025 1675 4101 per
1701 4002 1800 4078 mul·

361 4150 422 4222 tos
450 4146 529 4220 dies
556 4147 674 4219 antea
711 4143 747 4220 S.
786 4145 978 4222 Sanctitas
1017 4147 1171 4222 iecisset
1206 4145 1358 4221 banniri
1384 4167 1433 4220 na
1461 4146 1546 4243 quis
1583 4169 1701 4241 agnos
1729 4147 1800 4222 Dei

363 4287 565 4363 conficeret
592 4289 662 4361 aut
689 4286 820 4364 confici
836 4289 991 4379 laceret,
1025 4292 1179 4388 praeter
1215 4312 1329 4364 suum
1360 4289 1649 4366 aromatarium.
1679 4287 1802 4366 Erant

361 4432 463 4508 enim
490 4453 624 4530 capsae
653 4431 804 4508 circitor
830 4432 982 4532 viginti.
1004 4434 1054 4510 llt
1073 4459 1185 4534 papo,
1214 4434 1406 4512 celebrata
1432 4435 1548 4510 missa
1566 4433 1605 4508 in
1627 4455 1798 4532 suscap-

361 4576 473 4676 pella,
489 4576 640 4676 private
668 4579 775 4655 veuit
802 4577 851 4654 ad
880 4580 1011 4656 aulam
1039 4604 1125 4658 cum
1154 4581 1330 4658 omnibus
1349 4580 1605 4658 cardinalibus
1628 4602 1697 4678 pro
1716 4601 1799 4656 cae·

360 4743 542 4799 remonra.

463 5001 535 5082 Die
566 5007 703 5102 quinta
729 5007 822 5082 maii
848 5007 1024 5084 venitin
1051 5007 1183 5084 urbam
1211 5028 1313 5084 nova
1340 5006 1387 5082 de
1418 5004 1529 5082 obitu
1556 5006 1593 5081 d.
1614 5006 1799 5084 Laurenti
1826 5021 1847 5081 r.
1866 5019 1921 5079 aar
1939 5039 1967 5080 v.

359 5149 407 5227 de
430 5147 583 5225 Medicis
611 5147 746 5225 Urbini
765 5151 807 5226 et
827 5149 975 5226 Pisauri
1003 5149 1120 5241 ducis,
1150 5147 1187 5224 S.
1216 5147 1263 5226 D.
1292 5149 1340 5224 N.
1379 5147 1506 5247 Papae
1542 5150 1693 5247 nepotis
1710 5207 1713 5216 .
1729 5173 1797 5247 pro

359 5293 466 5389 cujus
502 5314 642 5388 pompa
668 5290 821 5366 funebri
848 5292 889 5366 in
916 5292 1075 5368 civitate
1102 5291 1319 5368 Florentiae
1347 5292 1413 5367 ubi
1451 5291 1706 5389 aspiraverat,
1735 5314 1797 5368 ro·

359 5438 474 5532 gatus
502 5435 578 5510 fuit
604 5434 760 5511 Paridss
788 5435 835 5512 da
863 5435 1010 5512 Grassis
1037 5438 1084 5511 ut
1110 5439 1265 5534 pararet
1297 5434 1484 5514 cedulam.

470 5569 507 5628 10
