<?xml version="1.0" encoding="UTF-8"?>
<!DOCTYPE html PUBLIC "-//W3C//DTD XHTML 1.0 Transitional//EN"
    "http://www.w3.org/TR/xhtml1/DTD/xhtml1-transitional.dtd">
<html xmlns="http://www.w3.org/1999/xhtml" xml:lang="en" lang="en">
 <head>
  <title>
</title>
<meta http-equiv="Content-Type" content="text/html;charset=utf-8" />
  <meta name='ocr-system' content='tesseract 3.04.00' />
  <meta name='ocr-capabilities' content='ocr_page ocr_carea ocr_par ocr_line ocrx_word'/>
</head>
<body>
  <div class='ocr_page' id='page_1' title='image "./ildiariodileone00grasgoog_0073.png"; bbox 0 0 4970 6352; ppageno 0'>
   <div class='ocr_carea' id='block_1_1' title="bbox 872 633 1862 705">
    <p class='ocr_par' dir='ltr' id='par_1_1' title="bbox 872 633 1862 705">
     <span class='ocr_line' id='line_1_1' title="bbox 872 633 1862 705; baseline -0.001 -2"><span class='ocrx_word' id='word_1_1' title='bbox 872 656 906 703; x_wconf 86' lang='lat' dir='ltr'><strong>m</strong></span> <span class='ocrx_word' id='word_1_2' title='bbox 931 651 1044 705; x_wconf 75' lang='lat' dir='ltr'><strong>ornato</strong></span> <span class='ocrx_word' id='word_1_3' title='bbox 1068 658 1103 704; x_wconf 87' lang='lat' dir='ltr'><strong>or</strong></span> <span class='ocrx_word' id='word_1_4' title='bbox 1125 653 1211 704; x_wconf 75' lang='lat' dir='ltr'><strong>eurr</strong></span> <span class='ocrx_word' id='word_1_5' title='bbox 1232 653 1344 703; x_wconf 81' lang='lat' dir='ltr'><strong>anona</strong></span> <span class='ocrx_word' id='word_1_6' title='bbox 1368 655 1400 702; x_wconf 87' lang='lat' dir='ltr'><strong>x.</strong></span> <span class='ocrx_word' id='word_1_7' title='bbox 1818 633 1862 702; x_wconf 75' lang='lat'><strong>57</strong></span> 
     </span>
    </p>
   </div>
   <div class='ocr_carea' id='block_1_2' title="bbox 527 861 2165 971">
    <p class='ocr_par' dir='ltr' id='par_1_2' title="bbox 527 861 2165 971">
     <span class='ocr_line' id='line_1_2' title="bbox 527 861 2165 971; baseline -0.009 -19"><span class='ocrx_word' id='word_1_8' title='bbox 527 878 596 953; x_wconf 91' lang='lat' dir='ltr'><strong>Die</strong></span> <span class='ocrx_word' id='word_1_9' title='bbox 618 876 776 967; x_wconf 89' lang='lat' dir='ltr'><strong>veneris,</strong></span> <span class='ocrx_word' id='word_1_10' title='bbox 795 875 1120 971; x_wconf 73' lang='lat' dir='ltr'><strong>vigesimaquarta</strong></span> <span class='ocrx_word' id='word_1_11' title='bbox 1134 872 1236 969; x_wconf 88' lang='lat' dir='ltr'><strong>julii,</strong></span> <span class='ocrx_word' id='word_1_12' title='bbox 1252 872 1356 969; x_wconf 92' lang='lat' dir='ltr'><strong>Papa</strong></span> <span class='ocrx_word' id='word_1_13' title='bbox 1375 871 1511 947; x_wconf 88' lang='lat' dir='ltr'><strong>habito</strong></span> <span class='ocrx_word' id='word_1_14' title='bbox 1527 871 1766 964; x_wconf 90' lang='lat' dir='ltr'><strong>consistorio,</strong></span> <span class='ocrx_word' id='word_1_15' title='bbox 1778 861 1862 967; x_wconf 72' lang='lat' dir='ltr'><strong>J‘us·</strong></span> <span class='ocrx_word' id='word_1_16' title='bbox 1891 882 1954 941; x_wconf 76' lang='lat' dir='ltr'><strong>For.</strong></span> <span class='ocrx_word' id='word_1_17' title='bbox 1973 881 2028 938; x_wconf 84' lang='lat' dir='ltr'><strong>aee</strong></span> <span class='ocrx_word' id='word_1_18' title='bbox 2045 899 2069 938; x_wconf 84' lang='lat' dir='ltr'><strong>r.</strong></span> <span class='ocrx_word' id='word_1_19' title='bbox 2163 903 2165 908; x_wconf 81' lang='lat'><em>.</em></span> 
     </span>
    </p>
   </div>
   <div class='ocr_carea' id='block_1_3' title="bbox 416 1011 1975 2683">
    <p class='ocr_par' dir='ltr' id='par_1_3' title="bbox 416 1011 1975 2683">
     <span class='ocr_line' id='line_1_3' title="bbox 419 1011 1864 1111; baseline -0.006 -14"><span class='ocrx_word' id='word_1_20' title='bbox 419 1022 471 1097; x_wconf 90' lang='lat' dir='ltr'><strong>eit</strong></span> <span class='ocrx_word' id='word_1_21' title='bbox 484 1044 553 1096; x_wconf 90' lang='lat' dir='ltr'><strong>suo</strong></span> <span class='ocrx_word' id='word_1_22' title='bbox 573 1020 868 1097; x_wconf 89' lang='lat' dir='ltr'><strong>ceraemoniario</strong></span> <span class='ocrx_word' id='word_1_23' title='bbox 884 1021 929 1092; x_wconf 90' lang='lat' dir='ltr'><strong>nt</strong></span> <span class='ocrx_word' id='word_1_24' title='bbox 942 1011 1017 1092; x_wconf 89' lang='lat' dir='ltr'><strong>iret</strong></span> <span class='ocrx_word' id='word_1_25' title='bbox 1038 1016 1087 1092; x_wconf 92' lang='lat' dir='ltr'><strong>ad</strong></span> <span class='ocrx_word' id='word_1_26' title='bbox 1106 1018 1275 1090; x_wconf 87' lang='lat' dir='ltr'><strong>castrum</strong></span> <span class='ocrx_word' id='word_1_27' title='bbox 1288 1037 1317 1089; x_wconf 91' lang='lat' dir='ltr'><strong>s.</strong></span> <span class='ocrx_word' id='word_1_28' title='bbox 1334 1013 1473 1111; x_wconf 81' lang='lat' dir='ltr'><strong>Augeli</strong></span> <span class='ocrx_word' id='word_1_29' title='bbox 1488 1035 1566 1088; x_wconf 90' lang='lat' dir='ltr'><strong>una</strong></span> <span class='ocrx_word' id='word_1_30' title='bbox 1584 1035 1671 1090; x_wconf 91' lang='lat' dir='ltr'><strong>cnm</strong></span> <span class='ocrx_word' id='word_1_31' title='bbox 1687 1013 1864 1111; x_wconf 92' lang='lat' dir='ltr'><strong>Philippo</strong></span> 
     </span>
     <span class='ocr_line' id='line_1_4' title="bbox 420 1158 1865 1262; baseline -0.006 -23"><span class='ocrx_word' id='word_1_32' title='bbox 420 1164 608 1239; x_wconf 84' lang='lat' dir='ltr'><strong>Aldimari</strong></span> <span class='ocrx_word' id='word_1_33' title='bbox 648 1162 881 1239; x_wconf 87' lang='lat' dir='ltr'><strong>cubiculario</strong></span> <span class='ocrx_word' id='word_1_34' title='bbox 922 1161 1079 1251; x_wconf 89' lang='lat' dir='ltr'><strong>secreto,</strong></span> <span class='ocrx_word' id='word_1_35' title='bbox 1113 1163 1160 1233; x_wconf 91' lang='lat' dir='ltr'><strong>ut</strong></span> <span class='ocrx_word' id='word_1_36' title='bbox 1194 1160 1420 1235; x_wconf 89' lang='lat' dir='ltr'><strong>restitueret</strong></span> <span class='ocrx_word' id='word_1_37' title='bbox 1456 1165 1589 1232; x_wconf 80' lang='lat' dir='ltr'><strong>rmum</strong></span> <span class='ocrx_word' id='word_1_38' title='bbox 1633 1158 1865 1262; x_wconf 81' lang='lat' dir='ltr'><strong>cardinalem</strong></span> 
     </span>
     <span class='ocr_line' id='line_1_5' title="bbox 422 1299 1864 1401; baseline -0.006 -21"><span class='ocrx_word' id='word_1_39' title='bbox 422 1329 450 1380; x_wconf 91' lang='lat' dir='ltr'><strong>s.</strong></span> <span class='ocrx_word' id='word_1_40' title='bbox 481 1305 634 1401; x_wconf 79' lang='lat' dir='ltr'><strong>Georgii</strong></span> <span class='ocrx_word' id='word_1_41' title='bbox 661 1305 800 1379; x_wconf 81' lang='lat' dir='ltr'><strong>ibidem</strong></span> <span class='ocrx_word' id='word_1_42' title='bbox 838 1303 1038 1377; x_wconf 88' lang='lat' dir='ltr'><strong>detentum</strong></span> <span class='ocrx_word' id='word_1_43' title='bbox 1067 1322 1153 1374; x_wconf 89' lang='lat' dir='ltr'><strong>oum</strong></span> <span class='ocrx_word' id='word_1_44' title='bbox 1183 1321 1322 1393; x_wconf 78' lang='lat' dir='ltr'><strong>magna</strong></span> <span class='ocrx_word' id='word_1_45' title='bbox 1349 1299 1480 1395; x_wconf 89' lang='lat' dir='ltr'><strong>populi</strong></span> <span class='ocrx_word' id='word_1_46' title='bbox 1514 1300 1664 1372; x_wconf 91' lang='lat' dir='ltr'><strong>romani</strong></span> <span class='ocrx_word' id='word_1_47' title='bbox 1701 1299 1864 1374; x_wconf 86' lang='lat' dir='ltr'><strong>laetitia.</strong></span> 
     </span>
     <span class='ocr_line' id='line_1_6' title="bbox 422 1439 1864 1541; baseline -0.005 -20"><span class='ocrx_word' id='word_1_48' title='bbox 422 1446 515 1521; x_wconf 78' lang='lat' dir='ltr'><strong>(lum</strong></span> <span class='ocrx_word' id='word_1_49' title='bbox 544 1448 675 1522; x_wconf 90' lang='lat' dir='ltr'><strong>autem</strong></span> <span class='ocrx_word' id='word_1_50' title='bbox 703 1445 918 1541; x_wconf 88' lang='lat' dir='ltr'><strong>praedictus</strong></span> <span class='ocrx_word' id='word_1_51' title='bbox 946 1441 1149 1520; x_wconf 89' lang='lat' dir='ltr'><strong>cardinalis</strong></span> <span class='ocrx_word' id='word_1_52' title='bbox 1176 1462 1244 1538; x_wconf 90' lang='lat' dir='ltr'><strong>per</strong></span> <span class='ocrx_word' id='word_1_53' title='bbox 1277 1463 1431 1514; x_wconf 89' lang='lat' dir='ltr'><strong>murum</strong></span> <span class='ocrx_word' id='word_1_54' title='bbox 1469 1443 1658 1515; x_wconf 86' lang='lat' dir='ltr'><strong>secretum</strong></span> <span class='ocrx_word' id='word_1_55' title='bbox 1687 1439 1727 1513; x_wconf 92' lang='lat' dir='ltr'><strong>in</strong></span> <span class='ocrx_word' id='word_1_56' title='bbox 1760 1440 1864 1515; x_wconf 89' lang='lat' dir='ltr'><strong>cubi·</strong></span> 
     </span>
     <span class='ocr_line' id='line_1_7' title="bbox 421 1582 1869 1680; baseline -0.005 -15"><span class='ocrx_word' id='word_1_57' title='bbox 421 1592 547 1666; x_wconf 89' lang='lat' dir='ltr'><strong>culum</strong></span> <span class='ocrx_word' id='word_1_58' title='bbox 577 1590 779 1665; x_wconf 87' lang='lat' dir='ltr'><strong>cardinalis</strong></span> <span class='ocrx_word' id='word_1_59' title='bbox 806 1588 853 1664; x_wconf 91' lang='lat' dir='ltr'><strong>de</strong></span> <span class='ocrx_word' id='word_1_60' title='bbox 880 1586 1080 1663; x_wconf 83' lang='lat' dir='ltr'><strong>Trivnltiis</strong></span> <span class='ocrx_word' id='word_1_61' title='bbox 1101 1586 1140 1659; x_wconf 91' lang='lat' dir='ltr'><strong>in</strong></span> <span class='ocrx_word' id='word_1_62' title='bbox 1160 1582 1318 1659; x_wconf 91' lang='lat' dir='ltr'><strong>aedibus</strong></span> <span class='ocrx_word' id='word_1_63' title='bbox 1347 1584 1535 1660; x_wconf 89' lang='lat' dir='ltr'><strong>vaticanis</strong></span> <span class='ocrx_word' id='word_1_64' title='bbox 1562 1582 1743 1675; x_wconf 85' lang='lat' dir='ltr'><strong>venisset,</strong></span> <span class='ocrx_word' id='word_1_65' title='bbox 1772 1583 1869 1680; x_wconf 85' lang='lat' dir='ltr'><strong>legit</strong></span> 
     </span>
     <span class='ocr_line' id='line_1_8' title="bbox 416 1728 1868 1829; baseline -0.003 -22"><span class='ocrx_word' id='word_1_66' title='bbox 416 1735 680 1829; x_wconf 87' lang='lat' dir='ltr'><strong>juramentum</strong></span> <span class='ocrx_word' id='word_1_67' title='bbox 695 1756 823 1810; x_wconf 92' lang='lat' dir='ltr'><strong>coram</strong></span> <span class='ocrx_word' id='word_1_68' title='bbox 838 1732 1002 1807; x_wconf 87' lang='lat' dir='ltr'><strong>testibus</strong></span> <span class='ocrx_word' id='word_1_69' title='bbox 1019 1730 1300 1827; x_wconf 83' lang='lat' dir='ltr'><strong>archiepiscopo</strong></span> <span class='ocrx_word' id='word_1_70' title='bbox 1316 1729 1535 1821; x_wconf 83' lang='lat' dir='ltr'><strong>barensi,ac</strong></span> <span class='ocrx_word' id='word_1_71' title='bbox 1546 1728 1571 1802; x_wconf 87' lang='lat' dir='ltr'>J</span> <span class='ocrx_word' id='word_1_72' title='bbox 1575 1729 1653 1804; x_wconf 93' lang='lat' dir='ltr'><strong>ulio</strong></span> <span class='ocrx_word' id='word_1_73' title='bbox 1665 1729 1711 1804; x_wconf 91' lang='lat' dir='ltr'><strong>de</strong></span> <span class='ocrx_word' id='word_1_74' title='bbox 1721 1728 1868 1804; x_wconf 87' lang='lat' dir='ltr'><strong>Narina</strong></span> 
     </span>
     <span class='ocr_line' id='line_1_9' title="bbox 420 1870 1867 1966; baseline -0.005 -17"><span class='ocrx_word' id='word_1_75' title='bbox 420 1877 572 1951; x_wconf 90' lang='lat' dir='ltr'><strong>notario</strong></span> <span class='ocrx_word' id='word_1_76' title='bbox 591 1897 774 1950; x_wconf 90' lang='lat' dir='ltr'><strong>camerae.</strong></span> <span class='ocrx_word' id='word_1_77' title='bbox 789 1875 871 1961; x_wconf 85' lang='lat' dir='ltr'><strong>Quo</strong></span> <span class='ocrx_word' id='word_1_78' title='bbox 883 1874 985 1948; x_wconf 90' lang='lat' dir='ltr'><strong>lacto</strong></span> <span class='ocrx_word' id='word_1_79' title='bbox 1010 1870 1182 1948; x_wconf 87' lang='lat' dir='ltr'><strong>ascendit</strong></span> <span class='ocrx_word' id='word_1_80' title='bbox 1209 1870 1258 1944; x_wconf 87' lang='lat' dir='ltr'><strong>ad</strong></span> <span class='ocrx_word' id='word_1_81' title='bbox 1273 1870 1419 1966; x_wconf 86' lang='lat' dir='ltr'><strong>Papam</strong></span> <span class='ocrx_word' id='word_1_82' title='bbox 1443 1870 1547 1946; x_wconf 88' lang='lat' dir='ltr'><strong>inter</strong></span> <span class='ocrx_word' id='word_1_83' title='bbox 1574 1870 1867 1945; x_wconf 73' lang='lat' dir='ltr'><strong>multitudinem</strong></span> 
     </span>
     <span class='ocr_line' id='line_1_10' title="bbox 420 2013 1864 2115; baseline -0.005 -22"><span class='ocrx_word' id='word_1_84' title='bbox 420 2019 593 2115; x_wconf 80' lang='lat' dir='ltr'><strong>gentium</strong></span> <span class='ocrx_word' id='word_1_85' title='bbox 621 2021 661 2094; x_wconf 90' lang='lat' dir='ltr'><strong>et</strong></span> <span class='ocrx_word' id='word_1_86' title='bbox 687 2019 892 2092; x_wconf 88' lang='lat' dir='ltr'><strong>turbarum</strong></span> <span class='ocrx_word' id='word_1_87' title='bbox 912 2015 1069 2112; x_wconf 90' lang='lat' dir='ltr'><strong>quaein</strong></span> <span class='ocrx_word' id='word_1_88' title='bbox 1088 2014 1197 2090; x_wconf 88' lang='lat' dir='ltr'><strong>scalis</strong></span> <span class='ocrx_word' id='word_1_89' title='bbox 1218 2013 1355 2109; x_wconf 90' lang='lat' dir='ltr'><strong>palatii</strong></span> <span class='ocrx_word' id='word_1_90' title='bbox 1375 2013 1640 2106; x_wconf 87' lang='lat' dir='ltr'><strong>acclamabant</strong></span> <span class='ocrx_word' id='word_1_91' title='bbox 1657 2013 1715 2086; x_wconf 91' lang='lat' dir='ltr'><strong>illi</strong></span> <span class='ocrx_word' id='word_1_92' title='bbox 1740 2013 1864 2089; x_wconf 82' lang='lat' dir='ltr'><strong>vitam</strong></span> 
     </span>
     <span class='ocr_line' id='line_1_11' title="bbox 421 2155 1868 2258; baseline -0.006 -20"><span class='ocrx_word' id='word_1_93' title='bbox 421 2164 462 2238; x_wconf 90' lang='lat' dir='ltr'><strong>et</strong></span> <span class='ocrx_word' id='word_1_94' title='bbox 484 2161 720 2238; x_wconf 79' lang='lat' dir='ltr'><strong>felicitatem.</strong></span> <span class='ocrx_word' id='word_1_95' title='bbox 742 2160 879 2237; x_wconf 82' lang='lat' dir='ltr'><strong>(loram</strong></span> <span class='ocrx_word' id='word_1_96' title='bbox 894 2160 998 2258; x_wconf 88' lang='lat' dir='ltr'><strong>Papa</strong></span> <span class='ocrx_word' id='word_1_97' title='bbox 1011 2158 1245 2257; x_wconf 81' lang='lat' dir='ltr'><strong>genuflexus,</strong></span> <span class='ocrx_word' id='word_1_98' title='bbox 1263 2157 1379 2253; x_wconf 80' lang='lat' dir='ltr'><strong>longo</strong></span> <span class='ocrx_word' id='word_1_99' title='bbox 1394 2177 1567 2232; x_wconf 89' lang='lat' dir='ltr'><strong>sermone</strong></span> <span class='ocrx_word' id='word_1_100' title='bbox 1583 2158 1737 2234; x_wconf 88' lang='lat' dir='ltr'><strong>veniam</strong></span> <span class='ocrx_word' id='word_1_101' title='bbox 1754 2155 1868 2253; x_wconf 89' lang='lat' dir='ltr'><strong>petiit</strong></span> 
     </span>
     <span class='ocr_line' id='line_1_12' title="bbox 423 2298 1975 2399; baseline -0.006 -19"><span class='ocrx_word' id='word_1_102' title='bbox 423 2304 646 2380; x_wconf 89' lang='lat' dir='ltr'><strong>aPontilice</strong></span> <span class='ocrx_word' id='word_1_103' title='bbox 665 2304 711 2379; x_wconf 90' lang='lat' dir='ltr'><strong>de</strong></span> <span class='ocrx_word' id='word_1_104' title='bbox 725 2304 1004 2399; x_wconf 89' lang='lat' dir='ltr'><strong>conspiratione</strong></span> <span class='ocrx_word' id='word_1_105' title='bbox 1019 2305 1060 2378; x_wconf 91' lang='lat' dir='ltr'><strong>et</strong></span> <span class='ocrx_word' id='word_1_106' title='bbox 1073 2300 1348 2396; x_wconf 89' lang='lat' dir='ltr'><strong>conjuratione,</strong></span> <span class='ocrx_word' id='word_1_107' title='bbox 1364 2302 1406 2374; x_wconf 90' lang='lat' dir='ltr'><strong>et</strong></span> <span class='ocrx_word' id='word_1_108' title='bbox 1419 2299 1564 2397; x_wconf 84' lang='lat' dir='ltr'><strong>gratias</strong></span> <span class='ocrx_word' id='word_1_109' title='bbox 1575 2300 1669 2396; x_wconf 81' lang='lat' dir='ltr'><strong>egit,</strong></span> <span class='ocrx_word' id='word_1_110' title='bbox 1692 2298 1868 2394; x_wconf 91' lang='lat' dir='ltr'><strong>cuiPapa</strong></span> <span class='ocrx_word' id='word_1_111' title='bbox 1972 2333 1975 2341; x_wconf 96' lang='lat'><em>·</em></span> 
     </span>
     <span class='ocr_line' id='line_1_13' title="bbox 424 2440 1868 2543; baseline -0.005 -21"><span class='ocrx_word' id='word_1_112' title='bbox 424 2446 619 2543; x_wconf 89' lang='lat' dir='ltr'><strong>respondit</strong></span> <span class='ocrx_word' id='word_1_113' title='bbox 636 2468 677 2522; x_wconf 89' lang='lat' dir='ltr'><strong>se</strong></span> <span class='ocrx_word' id='word_1_114' title='bbox 695 2445 878 2542; x_wconf 83' lang='lat' dir='ltr'><strong>injuriam</strong></span> <span class='ocrx_word' id='word_1_115' title='bbox 897 2444 1100 2521; x_wconf 88' lang='lat' dir='ltr'><strong>cardinalis</strong></span> <span class='ocrx_word' id='word_1_116' title='bbox 1118 2442 1290 2520; x_wconf 86' lang='lat' dir='ltr'><strong>oblivisci</strong></span> <span class='ocrx_word' id='word_1_117' title='bbox 1309 2465 1356 2518; x_wconf 85' lang='lat' dir='ltr'><strong>ex</strong></span> <span class='ocrx_word' id='word_1_118' title='bbox 1374 2441 1556 2517; x_wconf 90' lang='lat' dir='ltr'><strong>instituto</strong></span> <span class='ocrx_word' id='word_1_119' title='bbox 1578 2441 1731 2517; x_wconf 91' lang='lat' dir='ltr'><strong>Domini</strong></span> <span class='ocrx_word' id='word_1_120' title='bbox 1745 2440 1868 2516; x_wconf 87' lang='lat' dir='ltr'><strong>nostri</strong></span> 
     </span>
     <span class='ocr_line' id='line_1_14' title="bbox 423 2582 1865 2683; baseline -0.004 -20"><span class='ocrx_word' id='word_1_121' title='bbox 423 2588 515 2663; x_wconf 86' lang='lat' dir='ltr'><strong>Jesu</strong></span> <span class='ocrx_word' id='word_1_122' title='bbox 531 2587 682 2680; x_wconf 81' lang='lat' dir='ltr'><strong>Christi,</strong></span> <span class='ocrx_word' id='word_1_123' title='bbox 698 2590 738 2662; x_wconf 92' lang='lat' dir='ltr'><strong>et</strong></span> <span class='ocrx_word' id='word_1_124' title='bbox 752 2609 840 2663; x_wconf 90' lang='lat' dir='ltr'><strong>eum</strong></span> <span class='ocrx_word' id='word_1_125' title='bbox 855 2588 1058 2662; x_wconf 89' lang='lat' dir='ltr'><strong>restituere</strong></span> <span class='ocrx_word' id='word_1_126' title='bbox 1072 2587 1113 2660; x_wconf 91' lang='lat' dir='ltr'><strong>in</strong></span> <span class='ocrx_word' id='word_1_127' title='bbox 1132 2586 1308 2661; x_wconf 89' lang='lat' dir='ltr'><strong>omuibus</strong></span> <span class='ocrx_word' id='word_1_128' title='bbox 1323 2584 1476 2681; x_wconf 90' lang='lat' dir='ltr'><strong>juribus</strong></span> <span class='ocrx_word' id='word_1_129' title='bbox 1493 2588 1534 2660; x_wconf 93' lang='lat' dir='ltr'><strong>et</strong></span> <span class='ocrx_word' id='word_1_130' title='bbox 1553 2583 1761 2683; x_wconf 79' lang='lat' dir='ltr'><strong>privilegiis</strong></span> <span class='ocrx_word' id='word_1_131' title='bbox 1774 2582 1865 2659; x_wconf 87' lang='lat' dir='ltr'><strong>suis.</strong></span> 
     </span>
    </p>
   </div>
   <div class='ocr_carea' id='block_1_4' title="bbox 423 2859 2030 5398">
    <p class='ocr_par' dir='ltr' id='par_1_4' title="bbox 423 2859 2030 5398">
     <span class='ocr_line' id='line_1_15' title="bbox 530 2859 2030 2969; baseline -0.002 -22"><span class='ocrx_word' id='word_1_132' title='bbox 530 2873 600 2949; x_wconf 90' lang='lat' dir='ltr'><strong>Die</strong></span> <span class='ocrx_word' id='word_1_133' title='bbox 627 2873 776 2949; x_wconf 77' lang='lat' dir='ltr'><strong>venons</strong></span> <span class='ocrx_word' id='word_1_134' title='bbox 804 2872 944 2949; x_wconf 91' lang='lat' dir='ltr'><strong>ultima</strong></span> <span class='ocrx_word' id='word_1_135' title='bbox 968 2872 1059 2969; x_wconf 91' lang='lat' dir='ltr'><strong>julii</strong></span> <span class='ocrx_word' id='word_1_136' title='bbox 1078 2872 1195 2969; x_wconf 80' lang='lat' dir='ltr'><strong>Papa,</strong></span> <span class='ocrx_word' id='word_1_137' title='bbox 1211 2874 1349 2948; x_wconf 86' lang='lat' dir='ltr'><strong>vocato</strong></span> <span class='ocrx_word' id='word_1_138' title='bbox 1378 2870 1426 2946; x_wconf 91' lang='lat' dir='ltr'><strong>ad</strong></span> <span class='ocrx_word' id='word_1_139' title='bbox 1454 2893 1496 2948; x_wconf 88' lang='lat' dir='ltr'><strong>se</strong></span> <span class='ocrx_word' id='word_1_140' title='bbox 1523 2869 1662 2948; x_wconf 89' lang='lat' dir='ltr'><strong>Paride</strong></span> <span class='ocrx_word' id='word_1_141' title='bbox 1689 2870 1736 2947; x_wconf 90' lang='lat' dir='ltr'><strong>de</strong></span> <span class='ocrx_word' id='word_1_142' title='bbox 1755 2859 1876 2948; x_wconf 68' lang='lat' dir='ltr'><strong>(inea</strong></span> <span class='ocrx_word' id='word_1_143' title='bbox 1896 2885 1915 2946; x_wconf 78' lang='lat' dir='ltr'><strong>t</strong></span> <span class='ocrx_word' id='word_1_144' title='bbox 1934 2885 1989 2944; x_wconf 76' lang='lat' dir='ltr'><strong>ara</strong></span> <span class='ocrx_word' id='word_1_145' title='bbox 2006 2903 2030 2944; x_wconf 81' lang='lat' dir='ltr'><strong>r.</strong></span> 
     </span>
     <span class='ocr_line' id='line_1_16' title="bbox 423 3014 1868 3113; baseline -0.001 -21"><span class='ocrx_word' id='word_1_146' title='bbox 423 3019 486 3110; x_wconf 84' lang='lat' dir='ltr'><strong>sis,</strong></span> <span class='ocrx_word' id='word_1_147' title='bbox 503 3017 687 3113; x_wconf 91' lang='lat' dir='ltr'><strong>imposuit</strong></span> <span class='ocrx_word' id='word_1_148' title='bbox 714 3016 772 3090; x_wconf 90' lang='lat' dir='ltr'><strong>illi</strong></span> <span class='ocrx_word' id='word_1_149' title='bbox 799 3019 857 3107; x_wconf 90' lang='lat' dir='ltr'><strong>nt,</strong></span> <span class='ocrx_word' id='word_1_150' title='bbox 878 3018 1029 3091; x_wconf 89' lang='lat' dir='ltr'><strong>ostenso</strong></span> <span class='ocrx_word' id='word_1_151' title='bbox 1048 3015 1258 3091; x_wconf 84' lang='lat' dir='ltr'><strong>castellano</strong></span> <span class='ocrx_word' id='word_1_152' title='bbox 1277 3015 1396 3090; x_wconf 88' lang='lat' dir='ltr'><strong>castri</strong></span> <span class='ocrx_word' id='word_1_153' title='bbox 1410 3037 1440 3090; x_wconf 91' lang='lat' dir='ltr'><strong>s.</strong></span> <span class='ocrx_word' id='word_1_154' title='bbox 1462 3014 1599 3111; x_wconf 84' lang='lat' dir='ltr'><strong>Angeli</strong></span> <span class='ocrx_word' id='word_1_155' title='bbox 1618 3014 1761 3089; x_wconf 92' lang='lat' dir='ltr'><strong>annulo</strong></span> <span class='ocrx_word' id='word_1_156' title='bbox 1777 3015 1868 3090; x_wconf 89' lang='lat' dir='ltr'><strong>ada·</strong></span> 
     </span>
     <span class='ocr_line' id='line_1_17' title="bbox 424 3156 1869 3260; baseline -0.001 -24"><span class='ocrx_word' id='word_1_157' title='bbox 424 3163 598 3236; x_wconf 88' lang='lat' dir='ltr'><strong>mantino</strong></span> <span class='ocrx_word' id='word_1_158' title='bbox 626 3159 821 3236; x_wconf 88' lang='lat' dir='ltr'><strong>Pontificis</strong></span> <span class='ocrx_word' id='word_1_159' title='bbox 849 3181 918 3254; x_wconf 92' lang='lat' dir='ltr'><strong>pro</strong></span> <span class='ocrx_word' id='word_1_160' title='bbox 946 3160 1067 3260; x_wconf 84' lang='lat' dir='ltr'><strong>signo,</strong></span> <span class='ocrx_word' id='word_1_161' title='bbox 1096 3160 1172 3235; x_wconf 89' lang='lat' dir='ltr'><strong>iret</strong></span> <span class='ocrx_word' id='word_1_162' title='bbox 1200 3159 1249 3233; x_wconf 91' lang='lat' dir='ltr'><strong>ad</strong></span> <span class='ocrx_word' id='word_1_163' title='bbox 1276 3158 1520 3234; x_wconf 86' lang='lat' dir='ltr'><strong>liberandum</strong></span> <span class='ocrx_word' id='word_1_164' title='bbox 1556 3156 1788 3234; x_wconf 84' lang='lat' dir='ltr'><strong>cardinalem</strong></span> <span class='ocrx_word' id='word_1_165' title='bbox 1822 3159 1869 3236; x_wconf 93' lang='lat' dir='ltr'><strong>de</strong></span> 
     </span>
     <span class='ocr_line' id='line_1_18' title="bbox 425 3287 1867 3399; baseline -0.001 -21"><span class='ocrx_word' id='word_1_166' title='bbox 425 3303 550 3378; x_wconf 87' lang='lat' dir='ltr'><strong>Saulis</strong></span> <span class='ocrx_word' id='word_1_167' title='bbox 578 3303 643 3398; x_wconf 89' lang='lat' dir='ltr'><strong>qni</strong></span> <span class='ocrx_word' id='word_1_168' title='bbox 673 3305 759 3378; x_wconf 89' lang='lat' dir='ltr'><strong>erat</strong></span> <span class='ocrx_word' id='word_1_169' title='bbox 784 3303 824 3376; x_wconf 93' lang='lat' dir='ltr'><strong>in</strong></span> <span class='ocrx_word' id='word_1_170' title='bbox 852 3303 934 3398; x_wconf 89' lang='lat' dir='ltr'><strong>ipso</strong></span> <span class='ocrx_word' id='word_1_171' title='bbox 962 3287 1089 3376; x_wconf 89' lang='lat' dir='ltr'><strong>castro</strong></span> <span class='ocrx_word' id='word_1_172' title='bbox 1125 3303 1309 3378; x_wconf 91' lang='lat' dir='ltr'><strong>reclusus.</strong></span> <span class='ocrx_word' id='word_1_173' title='bbox 1338 3302 1419 3387; x_wconf 83' lang='lat' dir='ltr'><strong>Quo</strong></span> <span class='ocrx_word' id='word_1_174' title='bbox 1448 3301 1550 3376; x_wconf 86' lang='lat' dir='ltr'><strong>iacto</strong></span> <span class='ocrx_word' id='word_1_175' title='bbox 1579 3300 1777 3399; x_wconf 88' lang='lat' dir='ltr'><strong>perviam</strong></span> <span class='ocrx_word' id='word_1_176' title='bbox 1806 3321 1867 3376; x_wconf 88' lang='lat' dir='ltr'><strong>ca·</strong></span> 
     </span>
     <span class='ocr_line' id='line_1_19' title="bbox 425 3441 1870 3541; baseline -0.003 -19"><span class='ocrx_word' id='word_1_177' title='bbox 425 3446 496 3522; x_wconf 89' lang='lat' dir='ltr'><strong>stri</strong></span> <span class='ocrx_word' id='word_1_178' title='bbox 522 3447 706 3522; x_wconf 74' lang='lat' dir='ltr'><strong>secretam</strong></span> <span class='ocrx_word' id='word_1_179' title='bbox 735 3444 945 3520; x_wconf 89' lang='lat' dir='ltr'><strong>conductus</strong></span> <span class='ocrx_word' id='word_1_180' title='bbox 972 3445 1049 3519; x_wconf 89' lang='lat' dir='ltr'><strong>fuit</strong></span> <span class='ocrx_word' id='word_1_181' title='bbox 1075 3444 1124 3519; x_wconf 89' lang='lat' dir='ltr'><strong>ad</strong></span> <span class='ocrx_word' id='word_1_182' title='bbox 1151 3444 1342 3541; x_wconf 88' lang='lat' dir='ltr'><strong>palatium</strong></span> <span class='ocrx_word' id='word_1_183' title='bbox 1371 3443 1452 3518; x_wconf 88' lang='lat' dir='ltr'><strong>sine</strong></span> <span class='ocrx_word' id='word_1_184' title='bbox 1481 3441 1651 3533; x_wconf 91' lang='lat' dir='ltr'><strong>rocheto,</strong></span> <span class='ocrx_word' id='word_1_185' title='bbox 1680 3463 1800 3541; x_wconf 84' lang='lat' dir='ltr'><strong>cappa</strong></span> <span class='ocrx_word' id='word_1_186' title='bbox 1828 3446 1870 3519; x_wconf 89' lang='lat' dir='ltr'><strong>et</strong></span> 
     </span>
     <span class='ocr_line' id='line_1_20' title="bbox 424 3586 1867 3684; baseline -0.003 -20"><span class='ocrx_word' id='word_1_187' title='bbox 424 3589 550 3665; x_wconf 89' lang='lat' dir='ltr'><strong>bireto</strong></span> <span class='ocrx_word' id='word_1_188' title='bbox 577 3589 709 3681; x_wconf 87' lang='lat' dir='ltr'><strong>rubeo,</strong></span> <span class='ocrx_word' id='word_1_189' title='bbox 738 3591 936 3684; x_wconf 89' lang='lat' dir='ltr'><strong>tamquam</strong></span> <span class='ocrx_word' id='word_1_190' title='bbox 973 3588 1148 3684; x_wconf 85' lang='lat' dir='ltr'><strong>privatus</strong></span> <span class='ocrx_word' id='word_1_191' title='bbox 1167 3587 1354 3664; x_wconf 89' lang='lat' dir='ltr'><strong>sacerdos.</strong></span> <span class='ocrx_word' id='word_1_192' title='bbox 1383 3587 1526 3663; x_wconf 91' lang='lat' dir='ltr'><strong>Postea</strong></span> <span class='ocrx_word' id='word_1_193' title='bbox 1554 3586 1594 3661; x_wconf 92' lang='lat' dir='ltr'><strong>in</strong></span> <span class='ocrx_word' id='word_1_194' title='bbox 1622 3586 1713 3661; x_wconf 89' lang='lat' dir='ltr'><strong>aula</strong></span> <span class='ocrx_word' id='word_1_195' title='bbox 1746 3589 1867 3661; x_wconf 87' lang='lat' dir='ltr'><strong>consi·</strong></span> 
     </span>
     <span class='ocr_line' id='line_1_21' title="bbox 424 3727 1868 3825; baseline 0 -23"><span class='ocrx_word' id='word_1_196' title='bbox 424 3727 533 3802; x_wconf 89' lang='lat' dir='ltr'><strong>storii</strong></span> <span class='ocrx_word' id='word_1_197' title='bbox 560 3728 698 3804; x_wconf 87' lang='lat' dir='ltr'><strong>ductus</strong></span> <span class='ocrx_word' id='word_1_198' title='bbox 726 3727 959 3823; x_wconf 84' lang='lat' dir='ltr'><strong>antepedes</strong></span> <span class='ocrx_word' id='word_1_199' title='bbox 987 3728 1126 3825; x_wconf 86' lang='lat' dir='ltr'><strong>Papae,</strong></span> <span class='ocrx_word' id='word_1_200' title='bbox 1159 3727 1381 3825; x_wconf 80' lang='lat' dir='ltr'><strong>genuflexus</strong></span> <span class='ocrx_word' id='word_1_201' title='bbox 1409 3728 1533 3803; x_wconf 91' lang='lat' dir='ltr'><strong>solum</strong></span> <span class='ocrx_word' id='word_1_202' title='bbox 1567 3727 1704 3823; x_wconf 90' lang='lat' dir='ltr'><strong>pedem</strong></span> <span class='ocrx_word' id='word_1_203' title='bbox 1742 3727 1868 3824; x_wconf 89' lang='lat' dir='ltr'><strong>Papae</strong></span> 
     </span>
     <span class='ocr_line' id='line_1_22' title="bbox 424 3868 1870 3965; baseline 0 -20"><span class='ocrx_word' id='word_1_204' title='bbox 424 3869 618 3945; x_wconf 88' lang='lat' dir='ltr'><strong>osculatus</strong></span> <span class='ocrx_word' id='word_1_205' title='bbox 645 3875 715 3945; x_wconf 85' lang='lat' dir='ltr'><strong>est.</strong></span> <span class='ocrx_word' id='word_1_206' title='bbox 745 3868 839 3943; x_wconf 91' lang='lat' dir='ltr'><strong>Inde</strong></span> <span class='ocrx_word' id='word_1_207' title='bbox 875 3869 1159 3965; x_wconf 81' lang='lat' dir='ltr'><strong>elegantissimo</strong></span> <span class='ocrx_word' id='word_1_208' title='bbox 1196 3892 1369 3948; x_wconf 87' lang='lat' dir='ltr'><strong>sermone</strong></span> <span class='ocrx_word' id='word_1_209' title='bbox 1397 3870 1592 3946; x_wconf 82' lang='lat' dir='ltr'><strong>confessus</strong></span> <span class='ocrx_word' id='word_1_210' title='bbox 1620 3872 1681 3945; x_wconf 88' lang='lat' dir='ltr'><strong>est</strong></span> <span class='ocrx_word' id='word_1_211' title='bbox 1707 3891 1748 3946; x_wconf 91' lang='lat' dir='ltr'><strong>se</strong></span> <span class='ocrx_word' id='word_1_212' title='bbox 1783 3892 1870 3947; x_wconf 89' lang='lat' dir='ltr'><strong>cum</strong></span> 
     </span>
     <span class='ocr_line' id='line_1_23' title="bbox 424 4012 1867 4114; baseline 0.001 -25"><span class='ocrx_word' id='word_1_213' title='bbox 424 4012 618 4113; x_wconf 71' lang='lat' dir='ltr'><strong>alphonso</strong></span> <span class='ocrx_word' id='word_1_214' title='bbox 647 4015 739 4092; x_wconf 91' lang='lat' dir='ltr'><strong>olim</strong></span> <span class='ocrx_word' id='word_1_215' title='bbox 767 4013 952 4092; x_wconf 88' lang='lat' dir='ltr'><strong>cardinali</strong></span> <span class='ocrx_word' id='word_1_216' title='bbox 981 4013 1028 4091; x_wconf 91' lang='lat' dir='ltr'><strong>de</strong></span> <span class='ocrx_word' id='word_1_217' title='bbox 1056 4013 1244 4092; x_wconf 89' lang='lat' dir='ltr'><strong>Petrutiis</strong></span> <span class='ocrx_word' id='word_1_218' title='bbox 1272 4015 1501 4113; x_wconf 87' lang='lat' dir='ltr'><strong>conjurasse,</strong></span> <span class='ocrx_word' id='word_1_219' title='bbox 1530 4016 1571 4092; x_wconf 90' lang='lat' dir='ltr'><strong>et</strong></span> <span class='ocrx_word' id='word_1_220' title='bbox 1598 4015 1684 4090; x_wconf 89' lang='lat' dir='ltr'><strong>aliie</strong></span> <span class='ocrx_word' id='word_1_221' title='bbox 1712 4015 1867 4114; x_wconf 89' lang='lat' dir='ltr'><strong>compli-</strong></span> 
     </span>
     <span class='ocr_line' id='line_1_24' title="bbox 424 4158 1868 4255; baseline 0.001 -22"><span class='ocrx_word' id='word_1_222' title='bbox 424 4159 530 4233; x_wconf 87' lang='lat' dir='ltr'><strong>cibus</strong></span> <span class='ocrx_word' id='word_1_223' title='bbox 557 4158 803 4255; x_wconf 90' lang='lat' dir='ltr'><strong>conspirasse,</strong></span> <span class='ocrx_word' id='word_1_224' title='bbox 833 4180 878 4233; x_wconf 91' lang='lat' dir='ltr'><strong>eo</strong></span> <span class='ocrx_word' id='word_1_225' title='bbox 906 4159 1026 4233; x_wconf 90' lang='lat' dir='ltr'><strong>etiam</strong></span> <span class='ocrx_word' id='word_1_226' title='bbox 1053 4161 1209 4236; x_wconf 92' lang='lat' dir='ltr'><strong>consilio</strong></span> <span class='ocrx_word' id='word_1_227' title='bbox 1240 4165 1285 4235; x_wconf 90' lang='lat' dir='ltr'><strong>ut</strong></span> <span class='ocrx_word' id='word_1_228' title='bbox 1310 4159 1511 4236; x_wconf 87' lang='lat' dir='ltr'><strong>Prancisco</strong></span> <span class='ocrx_word' id='word_1_229' title='bbox 1539 4159 1685 4234; x_wconf 85' lang='lat' dir='ltr'><strong>Mariae</strong></span> <span class='ocrx_word' id='word_1_230' title='bbox 1719 4158 1766 4234; x_wconf 92' lang='lat' dir='ltr'><strong>de</strong></span> <span class='ocrx_word' id='word_1_231' title='bbox 1789 4160 1868 4234; x_wconf 85' lang='lat' dir='ltr'><strong>Ru·</strong></span> 
     </span>
     <span class='ocr_line' id='line_1_25' title="bbox 425 4301 1868 4401; baseline 0.002 -24"><span class='ocrx_word' id='word_1_232' title='bbox 425 4323 514 4378; x_wconf 89' lang='lat' dir='ltr'><strong>vere</strong></span> <span class='ocrx_word' id='word_1_233' title='bbox 543 4301 636 4376; x_wconf 92' lang='lat' dir='ltr'><strong>olim</strong></span> <span class='ocrx_word' id='word_1_234' title='bbox 672 4301 759 4378; x_wconf 91' lang='lat' dir='ltr'><strong>duci</strong></span> <span class='ocrx_word' id='word_1_235' title='bbox 786 4301 965 4377; x_wconf 91' lang='lat' dir='ltr'><strong>Urbinati</strong></span> <span class='ocrx_word' id='word_1_236' title='bbox 993 4302 1164 4378; x_wconf 85' lang='lat' dir='ltr'><strong>levorem</strong></span> <span class='ocrx_word' id='word_1_237' title='bbox 1191 4306 1417 4401; x_wconf 89' lang='lat' dir='ltr'><strong>praestaret.</strong></span> <span class='ocrx_word' id='word_1_238' title='bbox 1446 4302 1547 4390; x_wconf 84' lang='lat' dir='ltr'><strong>Quin</strong></span> <span class='ocrx_word' id='word_1_239' title='bbox 1575 4303 1652 4379; x_wconf 93' lang='lat' dir='ltr'><strong>imo</strong></span> <span class='ocrx_word' id='word_1_240' title='bbox 1681 4325 1769 4380; x_wconf 87' lang='lat' dir='ltr'><strong>cum</strong></span> <span class='ocrx_word' id='word_1_241' title='bbox 1805 4326 1868 4380; x_wconf 91' lang='lat' dir='ltr'><strong>eo·</strong></span> 
     </span>
     <span class='ocr_line' id='line_1_26' title="bbox 426 4423 1869 4547; baseline 0.002 -30"><span class='ocrx_word' id='word_1_242' title='bbox 426 4423 513 4519; x_wconf 74' lang='lat' dir='ltr'><strong>dem</strong></span> <span class='ocrx_word' id='word_1_243' title='bbox 540 4444 717 4521; x_wconf 73' lang='lat' dir='ltr'><strong>Porruuo</strong></span> <span class='ocrx_word' id='word_1_244' title='bbox 745 4447 787 4520; x_wconf 78' lang='lat' dir='ltr'><strong>er</strong></span> <span class='ocrx_word' id='word_1_245' title='bbox 813 4445 898 4520; x_wconf 74' lang='lat' dir='ltr'><strong>arra</strong></span> <span class='ocrx_word' id='word_1_246' title='bbox 917 4445 1162 4543; x_wconf 79' lang='lat' dir='ltr'><strong>complicibus</strong></span> <span class='ocrx_word' id='word_1_247' title='bbox 1183 4446 1337 4522; x_wconf 73' lang='lat' dir='ltr'><strong>monta</strong></span> <span class='ocrx_word' id='word_1_248' title='bbox 1356 4468 1438 4523; x_wconf 75' lang='lat' dir='ltr'><strong>osse</strong></span> <span class='ocrx_word' id='word_1_249' title='bbox 1456 4438 1869 4547; x_wconf 62' lang='lat' dir='ltr'><strong>ammonemus</strong></span> 
     </span>
     <span class='ocr_line' id='line_1_27' title="bbox 427 4586 1869 4690; baseline 0.004 -27"><span class='ocrx_word' id='word_1_250' title='bbox 427 4586 526 4663; x_wconf 86' lang='lat' dir='ltr'><strong>Suae</strong></span> <span class='ocrx_word' id='word_1_251' title='bbox 542 4611 608 4684; x_wconf 91' lang='lat' dir='ltr'><strong>per</strong></span> <span class='ocrx_word' id='word_1_252' title='bbox 623 4610 814 4664; x_wconf 90' lang='lat' dir='ltr'><strong>venenum</strong></span> <span class='ocrx_word' id='word_1_253' title='bbox 842 4592 1060 4687; x_wconf 89' lang='lat' dir='ltr'><strong>paratuma</strong></span> <span class='ocrx_word' id='word_1_254' title='bbox 1080 4590 1246 4687; x_wconf 89' lang='lat' dir='ltr'><strong>quodam</strong></span> <span class='ocrx_word' id='word_1_255' title='bbox 1265 4590 1408 4690; x_wconf 90' lang='lat' dir='ltr'><strong>phisico</strong></span> <span class='ocrx_word' id='word_1_256' title='bbox 1433 4591 1656 4668; x_wconf 83' lang='lat' dir='ltr'><strong>vercellensi</strong></span> <span class='ocrx_word' id='word_1_257' title='bbox 1684 4591 1869 4688; x_wconf 80' lang='lat' dir='ltr'><strong>magistro</strong></span> 
     </span>
     <span class='ocr_line' id='line_1_28' title="bbox 426 4729 1870 4832; baseline 0.001 -25"><span class='ocrx_word' id='word_1_258' title='bbox 426 4729 451 4807; x_wconf 83' lang='lat' dir='ltr'>J</span> <span class='ocrx_word' id='word_1_259' title='bbox 453 4755 576 4808; x_wconf 90' lang='lat' dir='ltr'><strong>oanne</strong></span> <span class='ocrx_word' id='word_1_260' title='bbox 585 4733 774 4830; x_wconf 88' lang='lat' dir='ltr'><strong>Baptista,</strong></span> <span class='ocrx_word' id='word_1_261' title='bbox 790 4755 911 4830; x_wconf 90' lang='lat' dir='ltr'><strong>nuper</strong></span> <span class='ocrx_word' id='word_1_262' title='bbox 926 4757 1013 4810; x_wconf 90' lang='lat' dir='ltr'><strong>cum</strong></span> <span class='ocrx_word' id='word_1_263' title='bbox 1029 4735 1114 4811; x_wconf 90' lang='lat' dir='ltr'><strong>aliis</strong></span> <span class='ocrx_word' id='word_1_264' title='bbox 1129 4735 1374 4832; x_wconf 88' lang='lat' dir='ltr'><strong>complicibus</strong></span> <span class='ocrx_word' id='word_1_265' title='bbox 1384 4736 1597 4831; x_wconf 89' lang='lat' dir='ltr'><strong>justitiato.</strong></span> <span class='ocrx_word' id='word_1_266' title='bbox 1611 4735 1724 4810; x_wconf 84' lang='lat' dir='ltr'><strong>Nunc</strong></span> <span class='ocrx_word' id='word_1_267' title='bbox 1737 4737 1870 4811; x_wconf 88' lang='lat' dir='ltr'><strong>autem</strong></span> 
     </span>
     <span class='ocr_line' id='line_1_29' title="bbox 426 4874 1868 4973; baseline 0.002 -25"><span class='ocrx_word' id='word_1_268' title='bbox 426 4897 466 4949; x_wconf 89' lang='lat' dir='ltr'><strong>se</strong></span> <span class='ocrx_word' id='word_1_269' title='bbox 493 4875 667 4950; x_wconf 85' lang='lat' dir='ltr'><strong>confiteri</strong></span> <span class='ocrx_word' id='word_1_270' title='bbox 695 4874 853 4973; x_wconf 86' lang='lat' dir='ltr'><strong>dignum</strong></span> <span class='ocrx_word' id='word_1_271' title='bbox 868 4877 1187 4951; x_wconf 75' lang='lat' dir='ltr'><strong>condemnatione</strong></span> <span class='ocrx_word' id='word_1_272' title='bbox 1214 4899 1282 4973; x_wconf 91' lang='lat' dir='ltr'><strong>pro</strong></span> <span class='ocrx_word' id='word_1_273' title='bbox 1309 4879 1422 4951; x_wconf 87' lang='lat' dir='ltr'><strong>tanto</strong></span> <span class='ocrx_word' id='word_1_274' title='bbox 1442 4878 1593 4966; x_wconf 86' lang='lat' dir='ltr'><strong>scelere,</strong></span> <span class='ocrx_word' id='word_1_275' title='bbox 1627 4876 1868 4972; x_wconf 89' lang='lat' dir='ltr'><strong>promittens,</strong></span> 
     </span>
     <span class='ocr_line' id='line_1_30' title="bbox 427 5015 1868 5093; baseline 0.001 -3"><span class='ocrx_word' id='word_1_276' title='bbox 427 5016 611 5091; x_wconf 89' lang='lat' dir='ltr'><strong>tamenin</strong></span> <span class='ocrx_word' id='word_1_277' title='bbox 631 5015 806 5091; x_wconf 83' lang='lat' dir='ltr'><strong>futurum</strong></span> <span class='ocrx_word' id='word_1_278' title='bbox 826 5015 1055 5092; x_wconf 88' lang='lat' dir='ltr'><strong>fidelitatem</strong></span> <span class='ocrx_word' id='word_1_279' title='bbox 1074 5021 1115 5092; x_wconf 89' lang='lat' dir='ltr'><strong>et</strong></span> <span class='ocrx_word' id='word_1_280' title='bbox 1133 5016 1393 5093; x_wconf 90' lang='lat' dir='ltr'><strong>obedientiam</strong></span> <span class='ocrx_word' id='word_1_281' title='bbox 1412 5015 1591 5092; x_wconf 88' lang='lat' dir='ltr'><strong>Pontifici</strong></span> <span class='ocrx_word' id='word_1_282' title='bbox 1609 5018 1868 5092; x_wconf 87' lang='lat' dir='ltr'><strong>servaturum.</strong></span> 
     </span>
     <span class='ocr_line' id='line_1_31' title="bbox 428 5124 1869 5256; baseline 0.002 -26"><span class='ocrx_word' id='word_1_283' title='bbox 428 5155 534 5231; x_wconf 84' lang='lat' dir='ltr'><strong>&#39;Punc</strong></span> <span class='ocrx_word' id='word_1_284' title='bbox 548 5156 653 5254; x_wconf 91' lang='lat' dir='ltr'><strong>Papa</strong></span> <span class='ocrx_word' id='word_1_285' title='bbox 671 5159 839 5234; x_wconf 87' lang='lat' dir='ltr'><strong>absolvit</strong></span> <span class='ocrx_word' id='word_1_286' title='bbox 856 5180 956 5249; x_wconf 90' lang='lat' dir='ltr'><strong>eum,</strong></span> <span class='ocrx_word' id='word_1_287' title='bbox 977 5162 1018 5235; x_wconf 90' lang='lat' dir='ltr'><strong>et</strong></span> <span class='ocrx_word' id='word_1_288' title='bbox 1031 5160 1205 5234; x_wconf 88' lang='lat' dir='ltr'><strong>restituit</strong></span> <span class='ocrx_word' id='word_1_289' title='bbox 1218 5124 1676 5256; x_wconf 37' lang='lat' dir='ltr'><strong>dignitati-cardinalatus</strong></span> <span class='ocrx_word' id='word_1_290' title='bbox 1691 5162 1732 5234; x_wconf 91' lang='lat' dir='ltr'><strong>et</strong></span> <span class='ocrx_word' id='word_1_291' title='bbox 1746 5159 1869 5235; x_wconf 93' lang='lat' dir='ltr'><strong>omni·</strong></span> 
     </span>
     <span class='ocr_line' id='line_1_32' title="bbox 428 5298 1871 5398; baseline 0.003 -25"><span class='ocrx_word' id='word_1_292' title='bbox 428 5299 499 5373; x_wconf 89' lang='lat' dir='ltr'><strong>bus</strong></span> <span class='ocrx_word' id='word_1_293' title='bbox 514 5298 702 5374; x_wconf 85' lang='lat' dir='ltr'><strong>benefitiis</strong></span> <span class='ocrx_word' id='word_1_294' title='bbox 716 5298 763 5375; x_wconf 88' lang='lat' dir='ltr'><strong>de</strong></span> <span class='ocrx_word' id='word_1_295' title='bbox 777 5301 915 5396; x_wconf 88' lang='lat' dir='ltr'><strong>quibua</strong></span> <span class='ocrx_word' id='word_1_296' title='bbox 929 5301 1146 5396; x_wconf 88' lang='lat' dir='ltr'><strong>provvisum</strong></span> <span class='ocrx_word' id='word_1_297' title='bbox 1163 5324 1240 5376; x_wconf 89' lang='lat' dir='ltr'><strong>non</strong></span> <span class='ocrx_word' id='word_1_298' title='bbox 1256 5305 1352 5392; x_wconf 89' lang='lat' dir='ltr'><strong>erat,</strong></span> <span class='ocrx_word' id='word_1_299' title='bbox 1365 5303 1524 5397; x_wconf 88' lang='lat' dir='ltr'><strong>excepta</strong></span> <span class='ocrx_word' id='word_1_300' title='bbox 1537 5305 1670 5377; x_wconf 88' lang='lat' dir='ltr'><strong>tamen</strong></span> <span class='ocrx_word' id='word_1_301' title='bbox 1685 5324 1754 5398; x_wconf 90' lang='lat' dir='ltr'><strong>pro</strong></span> <span class='ocrx_word' id='word_1_302' title='bbox 1770 5325 1871 5378; x_wconf 91' lang='lat' dir='ltr'><strong>nunc</strong></span> 
     </span>
    </p>
   </div>
   <div class='ocr_carea' id='block_1_5' title="bbox 430 5442 936 5634">
    <p class='ocr_par' dir='ltr' id='par_1_5' title="bbox 430 5442 936 5634">
     <span class='ocr_line' id='line_1_33' title="bbox 430 5442 936 5538; baseline 0 -22"><span class='ocrx_word' id='word_1_303' title='bbox 430 5460 522 5517; x_wconf 85' lang='lat' dir='ltr'><strong>voco</strong></span> <span class='ocrx_word' id='word_1_304' title='bbox 550 5442 677 5517; x_wconf 86' lang='lat' dir='ltr'><strong>activa</strong></span> <span class='ocrx_word' id='word_1_305' title='bbox 705 5444 746 5518; x_wconf 92' lang='lat' dir='ltr'><strong>et</strong></span> <span class='ocrx_word' id='word_1_306' title='bbox 773 5443 936 5538; x_wconf 86' lang='lat' dir='ltr'><strong>passiva.</strong></span> 
     </span>
     <span class='ocr_line' id='line_1_34' title="bbox 556 5575 575 5634; baseline 0 0"><span class='ocrx_word' id='word_1_307' title='bbox 556 5575 575 5634; x_wconf 81' lang='grc'><strong>8</strong></span> 
     </span>
    </p>
   </div>
   <div class='ocr_carea' id='block_1_6' title="bbox 0 0 2502 6352">
    <p class='ocr_par' dir='ltr' id='par_1_6' title="bbox 0 0 2502 6352">
     <span class='ocr_line' id='line_1_35' title="bbox 0 0 2502 6352; baseline 0 0"><span class='ocrx_word' id='word_1_308' title='bbox 0 0 2502 6352; x_wconf 95' lang='lat' dir='ltr'><strong> </strong></span> 
     </span>
    </p>
   </div>
  </div>
 </body>
</html>
