<?xml version="1.0" encoding="UTF-8"?>
<!DOCTYPE html PUBLIC "-//W3C//DTD XHTML 1.0 Transitional//EN"
    "http://www.w3.org/TR/xhtml1/DTD/xhtml1-transitional.dtd">
<html xmlns="http://www.w3.org/1999/xhtml" xml:lang="en" lang="en">
 <head>
  <title>
</title>
<meta http-equiv="Content-Type" content="text/html;charset=utf-8" />
  <meta name='ocr-system' content='tesseract 3.04.00' />
  <meta name='ocr-capabilities' content='ocr_page ocr_carea ocr_par ocr_line ocrx_word'/>
</head>
<body>
  <div class='ocr_page' id='page_1' title='image "./ildiariodileone00grasgoog_0048.png"; bbox 0 0 4970 6352; ppageno 0'>
   <div class='ocr_carea' id='block_1_1' title="bbox 668 581 1549 650">
    <p class='ocr_par' dir='ltr' id='par_1_1' title="bbox 668 581 1549 650">
     <span class='ocr_line' id='line_1_1' title="bbox 668 581 1549 650; baseline 0.002 -2"><span class='ocrx_word' id='word_1_1' title='bbox 668 581 711 648; x_wconf 75' lang='grc'><strong>82</strong></span> <span class='ocrx_word' id='word_1_2' title='bbox 1220 603 1343 650; x_wconf 76' lang='lat' dir='ltr'><strong>aaaron</strong></span> <span class='ocrx_word' id='word_1_3' title='bbox 1366 605 1411 649; x_wconf 83' lang='lat' dir='ltr'><strong>oa</strong></span> <span class='ocrx_word' id='word_1_4' title='bbox 1435 605 1549 650; x_wconf 73' lang='lat' dir='ltr'><strong>caesar</strong></span> 
     </span>
    </p>
   </div>
   <div class='ocr_carea' id='block_1_2' title="bbox 666 824 2099 1640">
    <p class='ocr_par' dir='ltr' id='par_1_2' title="bbox 667 803 2462 1070">
     <span class='ocr_line' id='line_1_2' title="bbox 667 824 2097 926; baseline 0 -26"><span class='ocrx_word' id='word_1_5' title='bbox 667 827 735 922; x_wconf 93' lang='lat' dir='ltr'><strong>qui</strong></span> <span class='ocrx_word' id='word_1_6' title='bbox 762 827 917 923; x_wconf 87' lang='lat' dir='ltr'><strong>putavit</strong></span> <span class='ocrx_word' id='word_1_7' title='bbox 943 849 1067 926; x_wconf 87' lang='lat' dir='ltr'><strong>neque</strong></span> <span class='ocrx_word' id='word_1_8' title='bbox 1094 828 1213 926; x_wconf 80' lang='lat' dir='ltr'><strong>ipsam</strong></span> <span class='ocrx_word' id='word_1_9' title='bbox 1234 850 1343 904; x_wconf 89' lang='lat' dir='ltr'><strong>suam</strong></span> <span class='ocrx_word' id='word_1_10' title='bbox 1363 824 1548 900; x_wconf 84' lang='lat' dir='ltr'><strong>familiam</strong></span> <span class='ocrx_word' id='word_1_11' title='bbox 1566 847 1721 901; x_wconf 87' lang='lat' dir='ltr'><strong>causam</strong></span> <span class='ocrx_word' id='word_1_12' title='bbox 1739 827 1890 919; x_wconf 86' lang='lat' dir='ltr'><strong>habere,</strong></span> <span class='ocrx_word' id='word_1_13' title='bbox 1912 827 1960 900; x_wconf 92' lang='lat' dir='ltr'><strong>ob</strong></span> <span class='ocrx_word' id='word_1_14' title='bbox 1979 848 2097 923; x_wconf 89' lang='lat' dir='ltr'><strong>qnam</strong></span> 
     </span>
     <span class='ocr_line' id='line_1_3' title="bbox 669 971 2099 1070; baseline -0.001 -25"><span class='ocrx_word' id='word_1_15' title='bbox 669 971 810 1068; x_wconf 91' lang='lat' dir='ltr'><strong>ubique</strong></span> <span class='ocrx_word' id='word_1_16' title='bbox 837 974 989 1070; x_wconf 91' lang='lat' dir='ltr'><strong>publica</strong></span> <span class='ocrx_word' id='word_1_17' title='bbox 1016 973 1231 1049; x_wconf 88' lang='lat' dir='ltr'><strong>moestitiae</strong></span> <span class='ocrx_word' id='word_1_18' title='bbox 1258 971 1398 1046; x_wconf 89' lang='lat' dir='ltr'><strong>indicia</strong></span> <span class='ocrx_word' id='word_1_19' title='bbox 1425 971 1668 1068; x_wconf 73' lang='lat' dir='ltr'><strong>praeseferat,</strong></span> <span class='ocrx_word' id='word_1_20' title='bbox 1696 975 1737 1046; x_wconf 90' lang='lat' dir='ltr'><strong>et</strong></span> <span class='ocrx_word' id='word_1_21' title='bbox 1763 972 2001 1047; x_wconf 87' lang='lat' dir='ltr'><strong>solummodo</strong></span> <span class='ocrx_word' id='word_1_22' title='bbox 2030 993 2099 1044; x_wconf 93' lang='lat' dir='ltr'><strong>an·</strong></span> 
     </span>
    </p>

    <p class='ocr_par' dir='ltr' id='par_1_3' title="bbox 668 1114 2099 1211">
     <span class='ocr_line' id='line_1_4' title="bbox 668 1114 2099 1211; baseline -0.003 -23"><span class='ocrx_word' id='word_1_23' title='bbox 668 1115 755 1189; x_wconf 90' lang='lat' dir='ltr'><strong>nuit</strong></span> <span class='ocrx_word' id='word_1_24' title='bbox 782 1117 993 1193; x_wconf 79' lang='lat' dir='ltr'><strong>cardinales</strong></span> <span class='ocrx_word' id='word_1_25' title='bbox 1020 1118 1066 1191; x_wconf 89' lang='lat' dir='ltr'><strong>de</strong></span> <span class='ocrx_word' id='word_1_26' title='bbox 1095 1117 1248 1192; x_wconf 86' lang='lat' dir='ltr'><strong>Medicis</strong></span> <span class='ocrx_word' id='word_1_27' title='bbox 1275 1120 1346 1190; x_wconf 89' lang='lat' dir='ltr'><strong>aut</strong></span> <span class='ocrx_word' id='word_1_28' title='bbox 1372 1115 1476 1206; x_wconf 86' lang='lat' dir='ltr'><strong>Oibo,</strong></span> <span class='ocrx_word' id='word_1_29' title='bbox 1514 1120 1584 1191; x_wconf 88' lang='lat' dir='ltr'><strong>aut</strong></span> <span class='ocrx_word' id='word_1_30' title='bbox 1621 1116 1658 1191; x_wconf 85' lang='lat' dir='ltr'><strong>S.</strong></span> <span class='ocrx_word' id='word_1_31' title='bbox 1698 1117 1841 1192; x_wconf 83' lang='lat' dir='ltr'><strong>Mariae</strong></span> <span class='ocrx_word' id='word_1_32' title='bbox 1877 1117 1916 1190; x_wconf 94' lang='lat' dir='ltr'><strong>in</strong></span> <span class='ocrx_word' id='word_1_33' title='bbox 1951 1114 2099 1211; x_wconf 90' lang='lat' dir='ltr'><strong>porticu</strong></span> 
     </span>
    </p>

    <p class='ocr_par' dir='ltr' id='par_1_4' title="bbox 669 1258 2098 1357">
     <span class='ocr_line' id='line_1_5' title="bbox 669 1258 2098 1357; baseline -0.003 -22"><span class='ocrx_word' id='word_1_34' title='bbox 669 1259 730 1335; x_wconf 85' lang='lat' dir='ltr'><strong>vel</strong></span> <span class='ocrx_word' id='word_1_35' title='bbox 757 1258 877 1333; x_wconf 92' lang='lat' dir='ltr'><strong>alium</strong></span> <span class='ocrx_word' id='word_1_36' title='bbox 916 1260 1128 1356; x_wconf 89' lang='lat' dir='ltr'><strong>quamlibet</strong></span> <span class='ocrx_word' id='word_1_37' title='bbox 1166 1259 1487 1352; x_wconf 79' lang='lat' dir='ltr'><strong>consanguineum</strong></span> <span class='ocrx_word' id='word_1_38' title='bbox 1517 1281 1564 1334; x_wconf 85' lang='lat' dir='ltr'><strong>ex</strong></span> <span class='ocrx_word' id='word_1_39' title='bbox 1591 1260 1817 1357; x_wconf 76' lang='lat' dir='ltr'><strong>particulari</strong></span> <span class='ocrx_word' id='word_1_40' title='bbox 1845 1260 1984 1334; x_wconf 87' lang='lat' dir='ltr'><strong>affectu</strong></span> <span class='ocrx_word' id='word_1_41' title='bbox 2016 1280 2098 1353; x_wconf 87' lang='lat' dir='ltr'><strong>per·</strong></span> 
     </span>
    </p>

    <p class='ocr_par' dir='ltr' id='par_1_5' title="bbox 670 1400 2098 1497">
     <span class='ocr_line' id='line_1_6' title="bbox 670 1400 2098 1497; baseline -0.002 -22"><span class='ocrx_word' id='word_1_42' title='bbox 670 1403 831 1486; x_wconf 88' lang='lat' dir='ltr'><strong>motum,</strong></span> <span class='ocrx_word' id='word_1_43' title='bbox 847 1420 983 1474; x_wconf 89' lang='lat' dir='ltr'><strong>curare</strong></span> <span class='ocrx_word' id='word_1_44' title='bbox 1010 1422 1117 1496; x_wconf 87' lang='lat' dir='ltr'><strong>posse</strong></span> <span class='ocrx_word' id='word_1_45' title='bbox 1144 1403 1191 1474; x_wconf 90' lang='lat' dir='ltr'><strong>ut</strong></span> <span class='ocrx_word' id='word_1_46' title='bbox 1217 1400 1481 1497; x_wconf 86' lang='lat' dir='ltr'><strong>praesentibus</strong></span> <span class='ocrx_word' id='word_1_47' title='bbox 1508 1401 1598 1491; x_wconf 92' lang='lat' dir='ltr'><strong>suis,</strong></span> <span class='ocrx_word' id='word_1_48' title='bbox 1619 1402 1735 1474; x_wconf 89' lang='lat' dir='ltr'><strong>missa</strong></span> <span class='ocrx_word' id='word_1_49' title='bbox 1761 1401 1892 1495; x_wconf 89' lang='lat' dir='ltr'><strong>aliqua</strong></span> <span class='ocrx_word' id='word_1_50' title='bbox 1906 1403 2098 1474; x_wconf 89' lang='lat' dir='ltr'><strong>emortua·</strong></span> 
     </span>
    </p>

    <p class='ocr_par' dir='ltr' id='par_1_6' title="bbox 666 1541 2043 1640">
     <span class='ocr_line' id='line_1_7' title="bbox 666 1541 2043 1640; baseline 0 -23"><span class='ocrx_word' id='word_1_51' title='bbox 666 1542 714 1618; x_wconf 88' lang='lat' dir='ltr'><strong>lia</strong></span> <span class='ocrx_word' id='word_1_52' title='bbox 741 1564 809 1639; x_wconf 90' lang='lat' dir='ltr'><strong>pro</strong></span> <span class='ocrx_word' id='word_1_53' title='bbox 838 1541 873 1616; x_wconf 93' lang='lat' dir='ltr'><strong>d.</strong></span> <span class='ocrx_word' id='word_1_54' title='bbox 903 1541 1059 1618; x_wconf 91' lang='lat' dir='ltr'><strong>Juliano</strong></span> <span class='ocrx_word' id='word_1_55' title='bbox 1087 1543 1236 1639; x_wconf 87' lang='lat' dir='ltr'><strong>private</strong></span> <span class='ocrx_word' id='word_1_56' title='bbox 1263 1547 1406 1636; x_wconf 88' lang='lat' dir='ltr'><strong>tamen,</strong></span> <span class='ocrx_word' id='word_1_57' title='bbox 1435 1547 1476 1620; x_wconf 89' lang='lat' dir='ltr'><strong>et</strong></span> <span class='ocrx_word' id='word_1_58' title='bbox 1502 1565 1579 1618; x_wconf 92' lang='lat' dir='ltr'><strong>non</strong></span> <span class='ocrx_word' id='word_1_59' title='bbox 1606 1545 1755 1640; x_wconf 88' lang='lat' dir='ltr'><strong>publice</strong></span> <span class='ocrx_word' id='word_1_60' title='bbox 1773 1545 2043 1620; x_wconf 77' lang='lat' dir='ltr'><strong>celebraretur.</strong></span> 
     </span>
    </p>
   </div>
   <div class='ocr_carea' id='block_1_3' title="bbox 665 1826 2098 2207">
    <p class='ocr_par' dir='ltr' id='par_1_7' title="bbox 665 1826 2098 2207">
     <span class='ocr_line' id='line_1_8' title="bbox 773 1826 2098 1924; baseline -0.002 -23"><span class='ocrx_word' id='word_1_61' title='bbox 773 1827 845 1903; x_wconf 89' lang='lat' dir='ltr'><strong>Die</strong></span> <span class='ocrx_word' id='word_1_62' title='bbox 864 1828 1014 1905; x_wconf 88' lang='lat' dir='ltr'><strong>veneris</strong></span> <span class='ocrx_word' id='word_1_63' title='bbox 1041 1831 1196 1903; x_wconf 89' lang='lat' dir='ltr'><strong>sanctae</strong></span> <span class='ocrx_word' id='word_1_64' title='bbox 1224 1826 1484 1903; x_wconf 88' lang='lat' dir='ltr'><strong>hebdomadae</strong></span> <span class='ocrx_word' id='word_1_65' title='bbox 1516 1849 1582 1924; x_wconf 87' lang='lat' dir='ltr'><strong>par</strong></span> <span class='ocrx_word' id='word_1_66' title='bbox 1614 1827 1846 1901; x_wconf 88' lang='lat' dir='ltr'><strong>cardinalem</strong></span> <span class='ocrx_word' id='word_1_67' title='bbox 1873 1847 2098 1922; x_wconf 81' lang='lat' dir='ltr'><strong>agenensem</strong></span> 
     </span>
     <span class='ocr_line' id='line_1_9' title="bbox 667 1968 2098 2065; baseline 0 -23"><span class='ocrx_word' id='word_1_68' title='bbox 667 1969 1008 2065; x_wconf 73' lang='lat' dir='ltr'><strong>poenitentiarium</strong></span> <span class='ocrx_word' id='word_1_69' title='bbox 1023 1969 1256 2044; x_wconf 90' lang='lat' dir='ltr'><strong>celebratum</strong></span> <span class='ocrx_word' id='word_1_70' title='bbox 1282 1974 1341 2044; x_wconf 90' lang='lat' dir='ltr'><strong>ast</strong></span> <span class='ocrx_word' id='word_1_71' title='bbox 1355 1970 1521 2044; x_wconf 86' lang='lat' dir='ltr'><strong>officium</strong></span> <span class='ocrx_word' id='word_1_72' title='bbox 1537 1970 1597 2044; x_wconf 91' lang='lat' dir='ltr'><strong>cui</strong></span> <span class='ocrx_word' id='word_1_73' title='bbox 1613 1968 1792 2044; x_wconf 87' lang='lat' dir='ltr'><strong>interfuit</strong></span> <span class='ocrx_word' id='word_1_74' title='bbox 1807 1970 1923 2065; x_wconf 89' lang='lat' dir='ltr'><strong>Papa,</strong></span> <span class='ocrx_word' id='word_1_75' title='bbox 1952 1970 2017 2065; x_wconf 90' lang='lat' dir='ltr'><strong>qui</strong></span> <span class='ocrx_word' id='word_1_76' title='bbox 2032 1970 2098 2044; x_wconf 93' lang='lat' dir='ltr'><strong>ob·</strong></span> 
     </span>
     <span class='ocr_line' id='line_1_10' title="bbox 665 2109 2097 2207; baseline 0 -25"><span class='ocrx_word' id='word_1_77' title='bbox 665 2110 761 2183; x_wconf 44' lang='lat' dir='ltr'><strong>wtulit</strong></span> <span class='ocrx_word' id='word_1_78' title='bbox 790 2111 1071 2207; x_wconf 85' lang='lat' dir='ltr'><strong>quinquaginta</strong></span> <span class='ocrx_word' id='word_1_79' title='bbox 1099 2111 1269 2202; x_wconf 89' lang='lat' dir='ltr'><strong>ducatos,</strong></span> <span class='ocrx_word' id='word_1_80' title='bbox 1290 2134 1375 2186; x_wconf 92' lang='lat' dir='ltr'><strong>cum</strong></span> <span class='ocrx_word' id='word_1_81' title='bbox 1403 2113 1489 2184; x_wconf 89' lang='lat' dir='ltr'><strong>tota</strong></span> <span class='ocrx_word' id='word_1_82' title='bbox 1517 2134 1667 2186; x_wconf 88' lang='lat' dir='ltr'><strong>summa</strong></span> <span class='ocrx_word' id='word_1_83' title='bbox 1695 2111 1853 2186; x_wconf 90' lang='lat' dir='ltr'><strong>collecta</strong></span> <span class='ocrx_word' id='word_1_84' title='bbox 1881 2109 1999 2184; x_wconf 82' lang='lat' dir='ltr'><strong>luerit</strong></span> <span class='ocrx_word' id='word_1_85' title='bbox 2031 2130 2097 2183; x_wconf 92' lang='lat' dir='ltr'><strong>no-</strong></span> 
     </span>
    </p>
   </div>
   <div class='ocr_carea' id='block_1_4' title="bbox 667 2247 2097 2463">
    <p class='ocr_par' dir='ltr' id='par_1_8' title="bbox 667 2247 2097 2463">
     <span class='ocr_line' id='line_1_11' title="bbox 667 2247 2097 2346; baseline 0.003 -26"><span class='ocrx_word' id='word_1_86' title='bbox 667 2248 829 2344; x_wconf 81' lang='lat' dir='ltr'><strong>naginta</strong></span> <span class='ocrx_word' id='word_1_87' title='bbox 865 2270 931 2324; x_wconf 83' lang='lat' dir='ltr'><strong>sex</strong></span> <span class='ocrx_word' id='word_1_88' title='bbox 969 2248 1209 2324; x_wconf 85' lang='lat' dir='ltr'><strong>ducatorum.</strong></span> <span class='ocrx_word' id='word_1_89' title='bbox 1248 2247 1466 2325; x_wconf 82' lang='lat' dir='ltr'><strong>Sermonem</strong></span> <span class='ocrx_word' id='word_1_90' title='bbox 1506 2251 1643 2326; x_wconf 91' lang='lat' dir='ltr'><strong>habuit</strong></span> <span class='ocrx_word' id='word_1_91' title='bbox 1680 2254 1904 2346; x_wconf 88' lang='lat' dir='ltr'><strong>procurator</strong></span> <span class='ocrx_word' id='word_1_92' title='bbox 1943 2250 2097 2326; x_wconf 89' lang='lat' dir='ltr'><strong>Praedi-</strong></span> 
     </span>
     <span class='ocr_line' id='line_1_12' title="bbox 669 2387 1336 2463; baseline 0.001 -1"><span class='ocrx_word' id='word_1_93' title='bbox 669 2392 854 2463; x_wconf 88' lang='lat' dir='ltr'><strong>catorum.</strong></span> <span class='ocrx_word' id='word_1_94' title='bbox 1333 2387 1336 2393; x_wconf 81' lang='grc'>’</span> 
     </span>
    </p>
   </div>
   <div class='ocr_carea' id='block_1_5' title="bbox 661 2671 2096 3479">
    <p class='ocr_par' dir='ltr' id='par_1_9' title="bbox 661 2671 2096 3479">
     <span class='ocr_line' id='line_1_13' title="bbox 771 2671 2096 2770; baseline 0.003 -28"><span class='ocrx_word' id='word_1_95' title='bbox 771 2671 842 2744; x_wconf 90' lang='lat' dir='ltr'><strong>Die</strong></span> <span class='ocrx_word' id='word_1_96' title='bbox 869 2671 1004 2745; x_wconf 87' lang='lat' dir='ltr'><strong>martis</strong></span> <span class='ocrx_word' id='word_1_97' title='bbox 1032 2671 1218 2768; x_wconf 87' lang='lat' dir='ltr'><strong>paschalis</strong></span> <span class='ocrx_word' id='word_1_98' title='bbox 1246 2673 1322 2746; x_wconf 81' lang='lat' dir='ltr'><strong>suit</strong></span> <span class='ocrx_word' id='word_1_99' title='bbox 1349 2671 1490 2747; x_wconf 83' lang='lat' dir='ltr'><strong>fastum</strong></span> <span class='ocrx_word' id='word_1_100' title='bbox 1519 2673 1795 2763; x_wconf 85' lang='lat' dir='ltr'><strong>Annuntiatae,</strong></span> <span class='ocrx_word' id='word_1_101' title='bbox 1834 2694 1955 2770; x_wconf 90' lang='lat' dir='ltr'><strong>eoque</strong></span> <span class='ocrx_word' id='word_1_102' title='bbox 1992 2674 2096 2770; x_wconf 89' lang='lat' dir='ltr'><strong>Papa</strong></span> 
     </span>
     <span class='ocr_line' id='line_1_14' title="bbox 663 2810 2095 2892; baseline 0.004 -8"><span class='ocrx_word' id='word_1_103' title='bbox 663 2810 903 2887; x_wconf 84' lang='lat' dir='ltr'><strong>invitatusa</strong></span> <span class='ocrx_word' id='word_1_104' title='bbox 939 2811 1122 2887; x_wconf 86' lang='lat' dir='ltr'><strong>societate</strong></span> <span class='ocrx_word' id='word_1_105' title='bbox 1150 2812 1223 2889; x_wconf 89' lang='lat' dir='ltr'><strong>ivit</strong></span> <span class='ocrx_word' id='word_1_106' title='bbox 1259 2813 1308 2887; x_wconf 86' lang='lat' dir='ltr'><strong>ad</strong></span> <span class='ocrx_word' id='word_1_107' title='bbox 1345 2814 1540 2889; x_wconf 87' lang='lat' dir='ltr'><strong>ecclesiam</strong></span> <span class='ocrx_word' id='word_1_108' title='bbox 1578 2813 1625 2889; x_wconf 93' lang='lat' dir='ltr'><strong>de</strong></span> <span class='ocrx_word' id='word_1_109' title='bbox 1661 2813 1844 2892; x_wconf 88' lang='lat' dir='ltr'><strong>Minerva.</strong></span> <span class='ocrx_word' id='word_1_110' title='bbox 1884 2813 2095 2890; x_wconf 87' lang='lat' dir='ltr'><strong>Cardinalis</strong></span> 
     </span>
     <span class='ocr_line' id='line_1_15' title="bbox 664 2950 2094 3066; baseline 0.005 -42"><span class='ocrx_word' id='word_1_111' title='bbox 664 2950 711 3025; x_wconf 91' lang='lat' dir='ltr'><strong>de</strong></span> <span class='ocrx_word' id='word_1_112' title='bbox 738 2953 859 3027; x_wconf 83' lang='lat' dir='ltr'><strong>Flisco</strong></span> <span class='ocrx_word' id='word_1_113' title='bbox 879 2957 1071 3066; x_wconf 84' lang='lat' dir='ltr'><strong>protector</strong></span> <span class='ocrx_word' id='word_1_114' title='bbox 1089 2956 1244 3029; x_wconf 84' lang='lat' dir='ltr'><strong>misaam</strong></span> <span class='ocrx_word' id='word_1_115' title='bbox 1271 2956 1479 3032; x_wconf 88' lang='lat' dir='ltr'><strong>celebravit</strong></span> <span class='ocrx_word' id='word_1_116' title='bbox 1497 2955 1544 3030; x_wconf 89' lang='lat' dir='ltr'><strong>de</strong></span> <span class='ocrx_word' id='word_1_117' title='bbox 1563 2956 1661 3031; x_wconf 83' lang='lat' dir='ltr'><strong>festo</strong></span> <span class='ocrx_word' id='word_1_118' title='bbox 1688 2956 1857 3052; x_wconf 81' lang='lat' dir='ltr'><strong>paschali</strong></span> <span class='ocrx_word' id='word_1_119' title='bbox 1885 2979 1972 3031; x_wconf 89' lang='lat' dir='ltr'><strong>cum</strong></span> <span class='ocrx_word' id='word_1_120' title='bbox 1991 2979 2094 3032; x_wconf 92' lang='lat' dir='ltr'><strong>com-</strong></span> 
     </span>
     <span class='ocr_line' id='line_1_16' title="bbox 661 3095 2091 3193; baseline 0.001 -26"><span class='ocrx_word' id='word_1_121' title='bbox 661 3095 936 3171; x_wconf 87' lang='lat' dir='ltr'><strong>memoratione</strong></span> <span class='ocrx_word' id='word_1_122' title='bbox 964 3096 1010 3170; x_wconf 89' lang='lat' dir='ltr'><strong>de</strong></span> <span class='ocrx_word' id='word_1_123' title='bbox 1038 3097 1136 3172; x_wconf 88' lang='lat' dir='ltr'><strong>festo</strong></span> <span class='ocrx_word' id='word_1_124' title='bbox 1164 3098 1438 3172; x_wconf 85' lang='lat' dir='ltr'><strong>Annuntiataa.</strong></span> <span class='ocrx_word' id='word_1_125' title='bbox 1467 3097 1512 3171; x_wconf 93' lang='lat' dir='ltr'><strong>In</strong></span> <span class='ocrx_word' id='word_1_126' title='bbox 1540 3097 1613 3171; x_wconf 88' lang='lat' dir='ltr'><strong>fine</strong></span> <span class='ocrx_word' id='word_1_127' title='bbox 1643 3097 1785 3193; x_wconf 85' lang='lat' dir='ltr'><strong>priores</strong></span> <span class='ocrx_word' id='word_1_128' title='bbox 1822 3100 2013 3172; x_wconf 84' lang='lat' dir='ltr'><strong>venerunt</strong></span> <span class='ocrx_word' id='word_1_129' title='bbox 2043 3096 2091 3170; x_wconf 92' lang='lat' dir='ltr'><strong>ad</strong></span> 
     </span>
     <span class='ocr_line' id='line_1_17' title="bbox 663 3214 2095 3336; baseline 0 -26"><span class='ocrx_word' id='word_1_130' title='bbox 663 3214 888 3312; x_wconf 88' lang='lat' dir='ltr'><strong>Pontificem</strong></span> <span class='ocrx_word' id='word_1_131' title='bbox 916 3240 983 3334; x_wconf 92' lang='lat' dir='ltr'><strong>qui</strong></span> <span class='ocrx_word' id='word_1_132' title='bbox 1011 3239 1066 3314; x_wconf 89' lang='lat' dir='ltr'><strong>eis</strong></span> <span class='ocrx_word' id='word_1_133' title='bbox 1101 3239 1208 3313; x_wconf 88' lang='lat' dir='ltr'><strong>dedit</strong></span> <span class='ocrx_word' id='word_1_134' title='bbox 1243 3239 1347 3313; x_wconf 90' lang='lat' dir='ltr'><strong>mille</strong></span> <span class='ocrx_word' id='word_1_135' title='bbox 1384 3239 1542 3314; x_wconf 90' lang='lat' dir='ltr'><strong>ducatos</strong></span> <span class='ocrx_word' id='word_1_136' title='bbox 1580 3239 1676 3330; x_wconf 89' lang='lat' dir='ltr'><strong>auri,</strong></span> <span class='ocrx_word' id='word_1_137' title='bbox 1714 3247 1755 3314; x_wconf 91' lang='lat' dir='ltr'><strong>et</strong></span> <span class='ocrx_word' id='word_1_138' title='bbox 1791 3241 1878 3336; x_wconf 89' lang='lat' dir='ltr'><strong>post</strong></span> <span class='ocrx_word' id='word_1_139' title='bbox 1904 3238 2020 3314; x_wconf 88' lang='lat' dir='ltr'><strong>rediit</strong></span> <span class='ocrx_word' id='word_1_140' title='bbox 2047 3237 2095 3312; x_wconf 89' lang='lat' dir='ltr'><strong>ad</strong></span> 
     </span>
     <span class='ocr_line' id='line_1_18' title="bbox 663 3382 1495 3479; baseline 0.002 -24"><span class='ocrx_word' id='word_1_141' title='bbox 663 3382 850 3476; x_wconf 90' lang='lat' dir='ltr'><strong>palatium</strong></span> <span class='ocrx_word' id='word_1_142' title='bbox 878 3385 919 3458; x_wconf 90' lang='lat' dir='ltr'><strong>at</strong></span> <span class='ocrx_word' id='word_1_143' title='bbox 946 3382 1110 3456; x_wconf 86' lang='lat' dir='ltr'><strong>indeed</strong></span> <span class='ocrx_word' id='word_1_144' title='bbox 1138 3382 1369 3479; x_wconf 81' lang='lat' dir='ltr'><strong>Maglianam</strong></span> <span class='ocrx_word' id='word_1_145' title='bbox 1399 3383 1495 3475; x_wconf 86' lang='grc'><strong>(38).</strong></span> 
     </span>
    </p>
   </div>
   <div class='ocr_carea' id='block_1_6' title="bbox 500 3667 2093 4617">
    <p class='ocr_par' dir='ltr' id='par_1_10' title="bbox 500 3667 2093 4617">
     <span class='ocr_line' id='line_1_19' title="bbox 500 3667 2093 3767; baseline -0.007 -18"><span class='ocrx_word' id='word_1_146' title='bbox 500 3692 593 3749; x_wconf 78' lang='lat' dir='ltr'><strong>crea</strong></span> <span class='ocrx_word' id='word_1_147' title='bbox 610 3712 633 3750; x_wconf 75' lang='lat' dir='ltr'><strong>r.</strong></span> <span class='ocrx_word' id='word_1_148' title='bbox 769 3668 853 3743; x_wconf 67' lang='lat' dir='ltr'><strong>Die*</strong></span> <span class='ocrx_word' id='word_1_149' title='bbox 864 3668 966 3763; x_wconf 87' lang='lat' dir='ltr'><strong>jovis</strong></span> <span class='ocrx_word' id='word_1_150' title='bbox 993 3668 1180 3764; x_wconf 88' lang='lat' dir='ltr'><strong>paschalis</strong></span> <span class='ocrx_word' id='word_1_151' title='bbox 1216 3669 1257 3742; x_wconf 91' lang='lat' dir='ltr'><strong>in</strong></span> <span class='ocrx_word' id='word_1_152' title='bbox 1292 3668 1464 3763; x_wconf 89' lang='lat' dir='ltr'><strong>cappella</strong></span> <span class='ocrx_word' id='word_1_153' title='bbox 1502 3671 1630 3767; x_wconf 88' lang='lat' dir='ltr'><strong>papali</strong></span> <span class='ocrx_word' id='word_1_154' title='bbox 1657 3668 1896 3764; x_wconf 88' lang='lat' dir='ltr'><strong>presentibus</strong></span> <span class='ocrx_word' id='word_1_155' title='bbox 1923 3667 2093 3740; x_wconf 87' lang='lat' dir='ltr'><strong>cardina·</strong></span> 
     </span>
     <span class='ocr_line' id='line_1_20' title="bbox 659 3809 2092 3909; baseline -0.001 -25"><span class='ocrx_word' id='word_1_156' title='bbox 659 3811 760 3884; x_wconf 88' lang='lat' dir='ltr'><strong>libus</strong></span> <span class='ocrx_word' id='word_1_157' title='bbox 787 3811 925 3907; x_wconf 80' lang='lat' dir='ltr'><strong>viginti</strong></span> <span class='ocrx_word' id='word_1_158' title='bbox 954 3811 992 3884; x_wconf 90' lang='lat' dir='ltr'><strong>in</strong></span> <span class='ocrx_word' id='word_1_159' title='bbox 1020 3811 1147 3909; x_wconf 88' lang='lat' dir='ltr'><strong>cappis</strong></span> <span class='ocrx_word' id='word_1_160' title='bbox 1183 3811 1310 3885; x_wconf 88' lang='lat' dir='ltr'><strong>rubeis</strong></span> <span class='ocrx_word' id='word_1_161' title='bbox 1345 3813 1578 3886; x_wconf 88' lang='lat' dir='ltr'><strong>celebratum</strong></span> <span class='ocrx_word' id='word_1_162' title='bbox 1606 3811 1682 3886; x_wconf 83' lang='lat' dir='ltr'><strong>fuit</strong></span> <span class='ocrx_word' id='word_1_163' title='bbox 1709 3809 2017 3885; x_wconf 88' lang='lat' dir='ltr'><strong>anniversarium</strong></span> <span class='ocrx_word' id='word_1_164' title='bbox 2039 3809 2092 3883; x_wconf 84' lang='lat' dir='ltr'><strong>fe·</strong></span> 
     </span>
     <span class='ocr_line' id='line_1_21' title="bbox 661 3953 2093 4050; baseline -0.001 -23"><span class='ocrx_word' id='word_1_165' title='bbox 661 3955 764 4027; x_wconf 88' lang='lat' dir='ltr'><strong>stum</strong></span> <span class='ocrx_word' id='word_1_166' title='bbox 801 3955 1059 4029; x_wconf 88' lang='lat' dir='ltr'><strong>coronationis</strong></span> <span class='ocrx_word' id='word_1_167' title='bbox 1096 3954 1221 4050; x_wconf 88' lang='lat' dir='ltr'><strong>Papae</strong></span> <span class='ocrx_word' id='word_1_168' title='bbox 1250 3955 1397 4044; x_wconf 89' lang='lat' dir='ltr'><strong>Leonis,</strong></span> <span class='ocrx_word' id='word_1_169' title='bbox 1423 3955 1524 4050; x_wconf 94' lang='lat' dir='ltr'><strong>quod</strong></span> <span class='ocrx_word' id='word_1_170' title='bbox 1561 3953 1748 4029; x_wconf 89' lang='lat' dir='ltr'><strong>inciderat</strong></span> <span class='ocrx_word' id='word_1_171' title='bbox 1788 3954 1828 4026; x_wconf 92' lang='lat' dir='ltr'><strong>in</strong></span> <span class='ocrx_word' id='word_1_172' title='bbox 1864 3953 1963 4028; x_wconf 91' lang='lat' dir='ltr'><strong>diem</strong></span> <span class='ocrx_word' id='word_1_173' title='bbox 1996 3974 2093 4026; x_wconf 88' lang='lat' dir='ltr'><strong>mar·</strong></span> 
     </span>
     <span class='ocr_line' id='line_1_22' title="bbox 662 4092 2091 4170; baseline -0.001 -4"><span class='ocrx_word' id='word_1_174' title='bbox 662 4092 758 4166; x_wconf 78' lang='lat' dir='ltr'><strong>crrrii</strong></span> <span class='ocrx_word' id='word_1_175' title='bbox 790 4097 945 4166; x_wconf 89' lang='lat' dir='ltr'><strong>sanctae</strong></span> <span class='ocrx_word' id='word_1_176' title='bbox 979 4093 1260 4168; x_wconf 87' lang='lat' dir='ltr'><strong>Hebdomadae.</strong></span> <span class='ocrx_word' id='word_1_177' title='bbox 1304 4095 1514 4169; x_wconf 81' lang='lat' dir='ltr'><strong>Cardinalis</strong></span> <span class='ocrx_word' id='word_1_178' title='bbox 1552 4095 1806 4170; x_wconf 83' lang='lat' dir='ltr'><strong>anconitanus</strong></span> <span class='ocrx_word' id='word_1_179' title='bbox 1843 4095 1996 4167; x_wconf 88' lang='lat' dir='ltr'><strong>missam</strong></span> <span class='ocrx_word' id='word_1_180' title='bbox 2034 4115 2091 4166; x_wconf 89' lang='lat' dir='ltr'><strong>ce·</strong></span> 
     </span>
     <span class='ocr_line' id='line_1_23' title="bbox 662 4233 2092 4310; baseline 0 -4"><span class='ocrx_word' id='word_1_181' title='bbox 662 4233 828 4309; x_wconf 85' lang='lat' dir='ltr'><strong>lebravit</strong></span> <span class='ocrx_word' id='word_1_182' title='bbox 856 4255 943 4308; x_wconf 87' lang='lat' dir='ltr'><strong>cum</strong></span> <span class='ocrx_word' id='word_1_183' title='bbox 970 4234 1083 4309; x_wconf 89' lang='lat' dir='ltr'><strong>unica</strong></span> <span class='ocrx_word' id='word_1_184' title='bbox 1110 4235 1283 4309; x_wconf 89' lang='lat' dir='ltr'><strong>oratione</strong></span> <span class='ocrx_word' id='word_1_185' title='bbox 1321 4235 1367 4309; x_wconf 89' lang='lat' dir='ltr'><strong>de</strong></span> <span class='ocrx_word' id='word_1_186' title='bbox 1404 4235 1649 4310; x_wconf 87' lang='lat' dir='ltr'><strong>coronatione</strong></span> <span class='ocrx_word' id='word_1_187' title='bbox 1686 4238 1822 4309; x_wconf 87' lang='lat' dir='ltr'><strong>contra</strong></span> <span class='ocrx_word' id='word_1_188' title='bbox 1859 4234 2092 4309; x_wconf 85' lang='lat' dir='ltr'><strong>sententiam</strong></span> 
     </span>
     <span class='ocr_line' id='line_1_24' title="bbox 663 4377 2090 4475; baseline -0.002 -23"><span class='ocrx_word' id='word_1_189' title='bbox 663 4379 822 4469; x_wconf 89' lang='lat' dir='ltr'><strong>Paridis,</strong></span> <span class='ocrx_word' id='word_1_190' title='bbox 843 4381 909 4475; x_wconf 89' lang='lat' dir='ltr'><strong>qui</strong></span> <span class='ocrx_word' id='word_1_191' title='bbox 928 4383 1144 4454; x_wconf 85' lang='lat' dir='ltr'><strong>asseruerat</strong></span> <span class='ocrx_word' id='word_1_192' title='bbox 1161 4381 1316 4453; x_wconf 86' lang='lat' dir='ltr'><strong>missam</strong></span> <span class='ocrx_word' id='word_1_193' title='bbox 1335 4377 1602 4464; x_wconf 86' lang='lat' dir='ltr'><strong>celebrandam</strong></span> <span class='ocrx_word' id='word_1_194' title='bbox 1621 4399 1702 4452; x_wconf 87' lang='lat' dir='ltr'><strong>essa</strong></span> <span class='ocrx_word' id='word_1_195' title='bbox 1720 4400 1808 4451; x_wconf 90' lang='lat' dir='ltr'><strong>cum</strong></span> <span class='ocrx_word' id='word_1_196' title='bbox 1837 4377 1986 4451; x_wconf 89' lang='lat' dir='ltr'><strong>duabus</strong></span> <span class='ocrx_word' id='word_1_197' title='bbox 2006 4399 2090 4450; x_wconf 90' lang='lat' dir='ltr'><strong>ora-</strong></span> 
     </span>
     <span class='ocr_line' id='line_1_25' title="bbox 661 4519 2089 4617; baseline -0.003 -22"><span class='ocrx_word' id='word_1_198' title='bbox 661 4521 831 4595; x_wconf 89' lang='lat' dir='ltr'><strong>tionibus</strong></span> <span class='ocrx_word' id='word_1_199' title='bbox 858 4521 928 4594; x_wconf 88' lang='lat' dir='ltr'><strong>eub</strong></span> <span class='ocrx_word' id='word_1_200' title='bbox 945 4543 1034 4596; x_wconf 79' lang='lat' dir='ltr'><strong>uua</strong></span> <span class='ocrx_word' id='word_1_201' title='bbox 1061 4521 1311 4611; x_wconf 89' lang='lat' dir='ltr'><strong>conclusione,</strong></span> <span class='ocrx_word' id='word_1_202' title='bbox 1328 4544 1490 4617; x_wconf 89' lang='lat' dir='ltr'><strong>quarum</strong></span> <span class='ocrx_word' id='word_1_203' title='bbox 1519 4519 1739 4594; x_wconf 87' lang='lat' dir='ltr'><strong>orationum</strong></span> <span class='ocrx_word' id='word_1_204' title='bbox 1767 4520 1889 4617; x_wconf 87' lang='lat' dir='ltr'><strong>prima</strong></span> <span class='ocrx_word' id='word_1_205' title='bbox 1917 4522 2016 4594; x_wconf 88' lang='lat' dir='ltr'><strong>esset</strong></span> <span class='ocrx_word' id='word_1_206' title='bbox 2043 4519 2089 4592; x_wconf 92' lang='lat' dir='ltr'><strong>de</strong></span> 
     </span>
    </p>
   </div>
   <div class='ocr_carea' id='block_1_7' title="bbox 662 4663 1586 4761">
    <p class='ocr_par' dir='ltr' id='par_1_11' title="bbox 662 4663 1586 4761">
     <span class='ocr_line' id='line_1_26' title="bbox 662 4663 1586 4761; baseline -0.001 -22"><span class='ocrx_word' id='word_1_207' title='bbox 662 4667 921 4757; x_wconf 90' lang='lat' dir='ltr'><strong>coronatione,</strong></span> <span class='ocrx_word' id='word_1_208' title='bbox 949 4669 990 4740; x_wconf 91' lang='lat' dir='ltr'><strong>et</strong></span> <span class='ocrx_word' id='word_1_209' title='bbox 1017 4665 1182 4740; x_wconf 88' lang='lat' dir='ltr'><strong>secunda</strong></span> <span class='ocrx_word' id='word_1_210' title='bbox 1209 4665 1256 4740; x_wconf 90' lang='lat' dir='ltr'><strong>de</strong></span> <span class='ocrx_word' id='word_1_211' title='bbox 1284 4665 1379 4740; x_wconf 87' lang='lat' dir='ltr'><strong>saria</strong></span> <span class='ocrx_word' id='word_1_212' title='bbox 1406 4663 1586 4761; x_wconf 90' lang='lat' dir='ltr'><strong>paschali.</strong></span> 
     </span>
    </p>
   </div>
   <div class='ocr_carea' id='block_1_8' title="bbox 491 4929 2094 5471">
    <p class='ocr_par' dir='ltr' id='par_1_12' title="bbox 491 4929 2094 5471">
     <span class='ocr_line' id='line_1_27' title="bbox 491 4929 2094 5042; baseline 0.001 -23"><span class='ocrx_word' id='word_1_213' title='bbox 491 4929 511 4990; x_wconf 70' lang='lat' dir='ltr'><strong>f·</strong></span> <span class='ocrx_word' id='word_1_214' title='bbox 531 4933 584 4989; x_wconf 75' lang='lat'><strong>1⁶⁸</strong></span> <span class='ocrx_word' id='word_1_215' title='bbox 601 4951 631 4991; x_wconf 82' lang='lat' dir='ltr'><strong>v.</strong></span> <span class='ocrx_word' id='word_1_216' title='bbox 767 4945 839 5021; x_wconf 91' lang='lat' dir='ltr'><strong>Die</strong></span> <span class='ocrx_word' id='word_1_217' title='bbox 854 4945 1015 5021; x_wconf 86' lang='lat' dir='ltr'><strong>&#39;venaris</strong></span> <span class='ocrx_word' id='word_1_218' title='bbox 1052 4944 1252 5020; x_wconf 90' lang='lat' dir='ltr'><strong>undecima</strong></span> <span class='ocrx_word' id='word_1_219' title='bbox 1289 4945 1420 5042; x_wconf 85' lang='lat' dir='ltr'><strong>aprilis</strong></span> <span class='ocrx_word' id='word_1_220' title='bbox 1450 4947 1490 5019; x_wconf 90' lang='lat' dir='ltr'><strong>in</strong></span> <span class='ocrx_word' id='word_1_221' title='bbox 1518 4945 1689 5042; x_wconf 88' lang='lat' dir='ltr'><strong>cappella</strong></span> <span class='ocrx_word' id='word_1_222' title='bbox 1721 4945 1866 5042; x_wconf 87' lang='lat' dir='ltr'><strong>palatii,</strong></span> <span class='ocrx_word' id='word_1_223' title='bbox 1895 4949 2094 5042; x_wconf 85' lang='lat' dir='ltr'><strong>praesente</strong></span> 
     </span>
     <span class='ocr_line' id='line_1_28' title="bbox 662 5088 2092 5185; baseline -0.001 -22"><span class='ocrx_word' id='word_1_224' title='bbox 662 5090 767 5184; x_wconf 91' lang='lat' dir='ltr'><strong>Papa</strong></span> <span class='ocrx_word' id='word_1_225' title='bbox 794 5111 881 5163; x_wconf 93' lang='lat' dir='ltr'><strong>cum</strong></span> <span class='ocrx_word' id='word_1_226' title='bbox 913 5089 1052 5185; x_wconf 80' lang='lat' dir='ltr'><strong>viginti</strong></span> <span class='ocrx_word' id='word_1_227' title='bbox 1089 5088 1343 5164; x_wconf 88' lang='lat' dir='ltr'><strong>cardinalibus</strong></span> <span class='ocrx_word' id='word_1_228' title='bbox 1380 5111 1448 5184; x_wconf 87' lang='lat' dir='ltr'><strong>per</strong></span> <span class='ocrx_word' id='word_1_229' title='bbox 1486 5089 1703 5185; x_wconf 90' lang='lat' dir='ltr'><strong>episcopum</strong></span> <span class='ocrx_word' id='word_1_230' title='bbox 1741 5089 1997 5162; x_wconf 69' lang='lat' dir='ltr'><strong>nicociensem</strong></span> <span class='ocrx_word' id='word_1_231' title='bbox 2034 5110 2092 5162; x_wconf 90' lang='lat' dir='ltr'><strong>ce·</strong></span> 
     </span>
     <span class='ocr_line' id='line_1_29' title="bbox 659 5230 2091 5331; baseline -0.002 -26"><span class='ocrx_word' id='word_1_232' title='bbox 659 5230 814 5306; x_wconf 90' lang='lat' dir='ltr'><strong>lebrata</strong></span> <span class='ocrx_word' id='word_1_233' title='bbox 842 5231 918 5305; x_wconf 86' lang='lat' dir='ltr'><strong>fuit</strong></span> <span class='ocrx_word' id='word_1_234' title='bbox 945 5232 1059 5306; x_wconf 88' lang='lat' dir='ltr'><strong>missa</strong></span> <span class='ocrx_word' id='word_1_235' title='bbox 1086 5231 1295 5328; x_wconf 83' lang='lat' dir='ltr'><strong>exequialis</strong></span> <span class='ocrx_word' id='word_1_236' title='bbox 1322 5254 1389 5331; x_wconf 87' lang='lat' dir='ltr'><strong>pro</strong></span> <span class='ocrx_word' id='word_1_237' title='bbox 1417 5231 1609 5308; x_wconf 89' lang='lat' dir='ltr'><strong>Ludovico</strong></span> <span class='ocrx_word' id='word_1_238' title='bbox 1638 5253 1726 5327; x_wconf 80' lang='lat' dir='ltr'><strong>rege</strong></span> <span class='ocrx_word' id='word_1_239' title='bbox 1754 5231 1963 5321; x_wconf 84' lang='lat' dir='ltr'><strong>Gallorum,</strong></span> <span class='ocrx_word' id='word_1_240' title='bbox 1992 5251 2091 5304; x_wconf 85' lang='lat' dir='ltr'><strong>auno</strong></span> 
     </span>
     <span class='ocr_line' id='line_1_30' title="bbox 661 5372 1920 5471; baseline -0.001 -25"><span class='ocrx_word' id='word_1_241' title='bbox 661 5373 791 5471; x_wconf 85' lang='lat' dir='ltr'><strong>elapso</strong></span> <span class='ocrx_word' id='word_1_242' title='bbox 820 5372 1011 5464; x_wconf 84' lang='lat' dir='ltr'><strong>defuncto,</strong></span> <span class='ocrx_word' id='word_1_243' title='bbox 1041 5376 1081 5448; x_wconf 90' lang='lat' dir='ltr'><strong>et</strong></span> <span class='ocrx_word' id='word_1_244' title='bbox 1107 5395 1176 5469; x_wconf 90' lang='lat' dir='ltr'><strong>pro</strong></span> <span class='ocrx_word' id='word_1_245' title='bbox 1204 5394 1292 5468; x_wconf 84' lang='lat' dir='ltr'><strong>rege</strong></span> <span class='ocrx_word' id='word_1_246' title='bbox 1319 5373 1524 5469; x_wconf 86' lang='lat' dir='ltr'><strong>Hispaniae</strong></span> <span class='ocrx_word' id='word_1_247' title='bbox 1553 5395 1673 5470; x_wconf 88' lang='lat' dir='ltr'><strong>nuper</strong></span> <span class='ocrx_word' id='word_1_248' title='bbox 1709 5372 1920 5448; x_wconf 91' lang='lat' dir='ltr'><strong>demortuo.</strong></span> 
     </span>
    </p>
   </div>
   <div class='ocr_carea' id='block_1_9' title="bbox 0 0 2490 6352">
    <p class='ocr_par' dir='ltr' id='par_1_13' title="bbox 0 0 2490 6352">
     <span class='ocr_line' id='line_1_31' title="bbox 0 0 2490 6352; baseline 0 0"><span class='ocrx_word' id='word_1_249' title='bbox 0 0 2490 6352; x_wconf 95' lang='lat' dir='ltr'><strong> </strong></span> 
     </span>
    </p>
   </div>
  </div>
 </body>
</html>
