<?xml version="1.0" encoding="UTF-8"?>
<!DOCTYPE html PUBLIC "-//W3C//DTD XHTML 1.0 Transitional//EN"
    "http://www.w3.org/TR/xhtml1/DTD/xhtml1-transitional.dtd">
<html xmlns="http://www.w3.org/1999/xhtml" xml:lang="en" lang="en">
 <head>
  <title>
</title>
<meta http-equiv="Content-Type" content="text/html;charset=utf-8" />
  <meta name='ocr-system' content='tesseract 3.04.00' />
  <meta name='ocr-capabilities' content='ocr_page ocr_carea ocr_par ocr_line ocrx_word'/>
</head>
<body>
  <div class='ocr_page' id='page_1' title='image "./ildiariodileone00grasgoog_0060.png"; bbox 0 0 4970 6352; ppageno 0'>
   <div class='ocr_carea' id='block_1_1' title="bbox 667 615 1547 686">
    <p class='ocr_par' dir='ltr' id='par_1_1' title="bbox 667 615 1547 686">
     <span class='ocr_line' id='line_1_1' title="bbox 667 615 1547 686; baseline 0 0"><span class='ocrx_word' id='word_1_1' title='bbox 667 615 712 686; x_wconf 75' lang='lat'><strong>44</strong></span> <span class='ocrx_word' id='word_1_2' title='bbox 1216 637 1339 685; x_wconf 74' lang='lat' dir='ltr'><strong>suarna</strong></span> <span class='ocrx_word' id='word_1_3' title='bbox 1363 637 1408 685; x_wconf 87' lang='lat' dir='ltr'><strong>nu</strong></span> <span class='ocrx_word' id='word_1_4' title='bbox 1431 637 1547 686; x_wconf 70' lang='lat' dir='ltr'><strong>cutem</strong></span> 
     </span>
    </p>
   </div>
   <div class='ocr_carea' id='block_1_2' title="bbox 661 859 2100 2219">
    <p class='ocr_par' dir='ltr' id='par_1_2' title="bbox 661 859 2100 2219">
     <span class='ocr_line' id='line_1_2' title="bbox 667 859 2095 959; baseline 0 -23"><span class='ocrx_word' id='word_1_5' title='bbox 667 860 825 958; x_wconf 85' lang='lat' dir='ltr'><strong>ingressi</strong></span> <span class='ocrx_word' id='word_1_6' title='bbox 843 863 935 938; x_wconf 89' lang='lat' dir='ltr'><strong>sunt</strong></span> <span class='ocrx_word' id='word_1_7' title='bbox 952 861 1019 959; x_wconf 91' lang='lat' dir='ltr'><strong>qni</strong></span> <span class='ocrx_word' id='word_1_8' title='bbox 1038 861 1192 937; x_wconf 87' lang='lat' dir='ltr'><strong>fuerant</strong></span> <span class='ocrx_word' id='word_1_9' title='bbox 1206 859 1360 937; x_wconf 80' lang='lat' dir='ltr'><strong>exclusi.</strong></span> <span class='ocrx_word' id='word_1_10' title='bbox 1381 859 1526 936; x_wconf 77' lang='lat' dir='ltr'><strong>Deinde</strong></span> <span class='ocrx_word' id='word_1_11' title='bbox 1543 859 1649 956; x_wconf 90' lang='lat' dir='ltr'><strong>Papa</strong></span> <span class='ocrx_word' id='word_1_12' title='bbox 1667 861 1833 936; x_wconf 89' lang='lat' dir='ltr'><strong>surrexit</strong></span> <span class='ocrx_word' id='word_1_13' title='bbox 1847 864 1888 936; x_wconf 92' lang='lat' dir='ltr'><strong>et</strong></span> <span class='ocrx_word' id='word_1_14' title='bbox 1902 861 2095 938; x_wconf 75' lang='lat' dir='ltr'><strong>inchoavit</strong></span> 
     </span>
     <span class='ocr_line' id='line_1_3' title="bbox 667 1003 2098 1099; baseline 0 -20"><span class='ocrx_word' id='word_1_15' title='bbox 667 1004 857 1079; x_wconf 90' lang='lat' dir='ltr'><strong>cantando</strong></span> <span class='ocrx_word' id='word_1_16' title='bbox 889 1008 905 1040; x_wconf 82' lang='lat'>“</span> <span class='ocrx_word' id='word_1_17' title='bbox 929 1005 978 1078; x_wconf 82' lang='lat' dir='ltr'><strong>Tc</strong></span> <span class='ocrx_word' id='word_1_18' title='bbox 1003 1007 1106 1079; x_wconf 76' lang='lat' dir='ltr'><strong>darm</strong></span> <span class='ocrx_word' id='word_1_19' title='bbox 1123 1005 1308 1079; x_wconf 77' lang='lat' dir='ltr'><strong><em>laudamus</em></strong></span> <span class='ocrx_word' id='word_1_20' title='bbox 1326 1061 1342 1093; x_wconf 88' lang='lat'><strong>,</strong></span> <span class='ocrx_word' id='word_1_21' title='bbox 1365 1006 1407 1079; x_wconf 91' lang='lat' dir='ltr'><strong>et</strong></span> <span class='ocrx_word' id='word_1_22' title='bbox 1424 1026 1469 1080; x_wconf 93' lang='lat' dir='ltr'><strong>eo</strong></span> <span class='ocrx_word' id='word_1_23' title='bbox 1488 1005 1632 1099; x_wconf 89' lang='lat' dir='ltr'><strong>hymno</strong></span> <span class='ocrx_word' id='word_1_24' title='bbox 1651 1003 1761 1077; x_wconf 88' lang='lat' dir='ltr'><strong>finito</strong></span> <span class='ocrx_word' id='word_1_25' title='bbox 1779 1026 1866 1077; x_wconf 90' lang='lat' dir='ltr'><strong>eum</strong></span> <span class='ocrx_word' id='word_1_26' title='bbox 1898 1004 2098 1095; x_wconf 83' lang='lat' dir='ltr'><strong>versiculo,</strong></span> 
     </span>
     <span class='ocr_line' id='line_1_4' title="bbox 667 1145 2097 1241; baseline 0.001 -23"><span class='ocrx_word' id='word_1_27' title='bbox 667 1147 773 1241; x_wconf 90' lang='lat' dir='ltr'><strong>Papa</strong></span> <span class='ocrx_word' id='word_1_28' title='bbox 800 1146 973 1220; x_wconf 87' lang='lat' dir='ltr'><strong>cantavit</strong></span> <span class='ocrx_word' id='word_1_29' title='bbox 999 1147 1212 1220; x_wconf 91' lang='lat' dir='ltr'><strong>orationem</strong></span> <span class='ocrx_word' id='word_1_30' title='bbox 1244 1147 1386 1220; x_wconf 81' lang='lat' dir='ltr'><strong>“Adsit</strong></span> <span class='ocrx_word' id='word_1_31' title='bbox 1412 1169 1616 1238; x_wconf 80' lang='lat' dir='ltr'><strong>quaesumus</strong></span> <span class='ocrx_word' id='word_1_32' title='bbox 1642 1147 1791 1220; x_wconf 80' lang='lat' dir='ltr'><strong><em>Domine</em></strong></span> <span class='ocrx_word' id='word_1_33' title='bbox 1816 1149 1927 1220; x_wconf 72' lang='lat' dir='ltr'><strong>vinus</strong></span> <span class='ocrx_word' id='word_1_34' title='bbox 1945 1145 2097 1238; x_wconf 82' lang='lat' dir='ltr'><strong>Spiritus</strong></span> 
     </span>
     <span class='ocr_line' id='line_1_5' title="bbox 667 1286 2100 1375; baseline -0.001 -14"><span class='ocrx_word' id='word_1_35' title='bbox 667 1287 791 1362; x_wconf 78' lang='lat' dir='ltr'><strong>Sancti</strong></span> <span class='ocrx_word' id='word_1_36' title='bbox 809 1345 825 1375; x_wconf 91' lang='lat'><strong>,</strong></span> <span class='ocrx_word' id='word_1_37' title='bbox 859 1289 899 1362; x_wconf 93' lang='lat' dir='ltr'><strong>et</strong></span> <span class='ocrx_word' id='word_1_38' title='bbox 925 1287 1042 1361; x_wconf 88' lang='lat' dir='ltr'><strong>infine</strong></span> <span class='ocrx_word' id='word_1_39' title='bbox 1070 1286 1176 1362; x_wconf 93' lang='lat' dir='ltr'><strong>dedit</strong></span> <span class='ocrx_word' id='word_1_40' title='bbox 1201 1287 1504 1362; x_wconf 77' lang='lat' dir='ltr'><strong>benedictionem</strong></span> <span class='ocrx_word' id='word_1_41' title='bbox 1544 1286 1750 1362; x_wconf 88' lang='lat' dir='ltr'><strong>solemnem</strong></span> <span class='ocrx_word' id='word_1_42' title='bbox 1778 1287 1824 1360; x_wconf 82' lang='lat' dir='ltr'><strong>iis</strong></span> <span class='ocrx_word' id='word_1_43' title='bbox 1852 1287 1978 1362; x_wconf 90' lang='lat' dir='ltr'><strong>verbis</strong></span> <span class='ocrx_word' id='word_1_44' title='bbox 2009 1290 2025 1322; x_wconf 82' lang='lat'>“</span> <span class='ocrx_word' id='word_1_45' title='bbox 2044 1286 2100 1360; x_wconf 79' lang='lat' dir='ltr'><strong>Sit</strong></span> 
     </span>
     <span class='ocr_line' id='line_1_6' title="bbox 665 1423 2097 1515; baseline -0.002 -14"><span class='ocrx_word' id='word_1_46' title='bbox 665 1449 787 1502; x_wconf 79' lang='lat' dir='ltr'><strong>nomen</strong></span> <span class='ocrx_word' id='word_1_47' title='bbox 806 1428 949 1500; x_wconf 81' lang='lat' dir='ltr'><strong>Domini</strong></span> <span class='ocrx_word' id='word_1_48' title='bbox 968 1423 1179 1502; x_wconf 80' lang='lat' dir='ltr'><strong>benedictum</strong></span> <span class='ocrx_word' id='word_1_49' title='bbox 1197 1483 1213 1515; x_wconf 88' lang='lat'><strong>,</strong></span> <span class='ocrx_word' id='word_1_50' title='bbox 1245 1431 1287 1502; x_wconf 90' lang='lat' dir='ltr'><strong>et</strong></span> <span class='ocrx_word' id='word_1_51' title='bbox 1305 1428 1505 1504; x_wconf 90' lang='lat' dir='ltr'><strong>mandavit</strong></span> <span class='ocrx_word' id='word_1_52' title='bbox 1523 1428 1681 1504; x_wconf 89' lang='lat' dir='ltr'><strong>diacono</strong></span> <span class='ocrx_word' id='word_1_53' title='bbox 1700 1428 1885 1503; x_wconf 72' lang='lat' dir='ltr'><strong>cardinali</strong></span> <span class='ocrx_word' id='word_1_54' title='bbox 1903 1426 2097 1502; x_wconf 75' lang='lat' dir='ltr'><strong>assistenti</strong></span> 
     </span>
     <span class='ocr_line' id='line_1_7' title="bbox 666 1567 2096 1666; baseline -0.001 -22"><span class='ocrx_word' id='word_1_55' title='bbox 666 1594 690 1644; x_wconf 89' lang='lat' dir='ltr'><strong>a</strong></span> <span class='ocrx_word' id='word_1_56' title='bbox 717 1570 884 1645; x_wconf 81' lang='lat' dir='ltr'><strong>dexteris</strong></span> <span class='ocrx_word' id='word_1_57' title='bbox 902 1569 1087 1665; x_wconf 85' lang='lat' dir='ltr'><strong>publicari</strong></span> <span class='ocrx_word' id='word_1_58' title='bbox 1114 1568 1391 1665; x_wconf 82' lang='lat' dir='ltr'><strong>indulgentiam</strong></span> <span class='ocrx_word' id='word_1_59' title='bbox 1419 1570 1641 1665; x_wconf 84' lang='lat' dir='ltr'><strong>plenariam,</strong></span> <span class='ocrx_word' id='word_1_60' title='bbox 1670 1592 1747 1666; x_wconf 90' lang='lat' dir='ltr'><strong>qua</strong></span> <span class='ocrx_word' id='word_1_61' title='bbox 1769 1569 1976 1666; x_wconf 86' lang='lat' dir='ltr'><strong>publicata,</strong></span> <span class='ocrx_word' id='word_1_62' title='bbox 1995 1567 2096 1643; x_wconf 89' lang='lat' dir='ltr'><strong>idem</strong></span> 
     </span>
     <span class='ocr_line' id='line_1_8' title="bbox 667 1709 2097 1805; baseline -0.003 -19"><span class='ocrx_word' id='word_1_63' title='bbox 667 1710 869 1786; x_wconf 89' lang='lat' dir='ltr'><strong>cardinalis</strong></span> <span class='ocrx_word' id='word_1_64' title='bbox 896 1713 1070 1787; x_wconf 87' lang='lat' dir='ltr'><strong>cantavit</strong></span> <span class='ocrx_word' id='word_1_65' title='bbox 1100 1709 1119 1748; x_wconf 75' lang='lat'><strong>⁴¹</strong></span> <span class='ocrx_word' id='word_1_66' title='bbox 1136 1712 1280 1786; x_wconf 82' lang='lat' dir='ltr'><strong>Domini</strong></span> <span class='ocrx_word' id='word_1_67' title='bbox 1302 1714 1349 1786; x_wconf 81' lang='lat' dir='ltr'><strong>ilc</strong></span> <span class='ocrx_word' id='word_1_68' title='bbox 1374 1713 1413 1784; x_wconf 83' lang='lat' dir='ltr'><strong>iu</strong></span> <span class='ocrx_word' id='word_1_69' title='bbox 1434 1733 1522 1805; x_wconf 86' lang='lat' dir='ltr'><strong>pucc</strong></span> <span class='ocrx_word' id='word_1_70' title='bbox 1540 1767 1556 1799; x_wconf 88' lang='lat'><strong>,</strong></span> <span class='ocrx_word' id='word_1_71' title='bbox 1587 1715 1629 1785; x_wconf 91' lang='lat' dir='ltr'><strong>et</strong></span> <span class='ocrx_word' id='word_1_72' title='bbox 1655 1731 1879 1805; x_wconf 87' lang='lat' dir='ltr'><strong>responsum</strong></span> <span class='ocrx_word' id='word_1_73' title='bbox 1906 1712 1965 1785; x_wconf 90' lang='lat' dir='ltr'><strong>est</strong></span> <span class='ocrx_word' id='word_1_74' title='bbox 1995 1709 2097 1782; x_wconf 80' lang='lat' dir='ltr'><strong>“Deo</strong></span> 
     </span>
     <span class='ocr_line' id='line_1_9' title="bbox 661 1847 2096 1948; baseline -0.001 -20"><span class='ocrx_word' id='word_1_75' title='bbox 661 1847 840 1948; x_wconf 75' lang='lat' dir='ltr'><strong>protien,</strong></span> <span class='ocrx_word' id='word_1_76' title='bbox 872 1852 924 1929; x_wconf 82' lang='lat' dir='ltr'><strong>Et</strong></span> <span class='ocrx_word' id='word_1_77' title='bbox 949 1855 1004 1930; x_wconf 88' lang='lat' dir='ltr'><strong>sie</strong></span> <span class='ocrx_word' id='word_1_78' title='bbox 1029 1875 1117 1930; x_wconf 88' lang='lat' dir='ltr'><strong>eum</strong></span> <span class='ocrx_word' id='word_1_79' title='bbox 1144 1853 1216 1930; x_wconf 91' lang='lat' dir='ltr'><strong>Dei</strong></span> <span class='ocrx_word' id='word_1_80' title='bbox 1242 1853 1509 1931; x_wconf 90' lang='lat' dir='ltr'><strong>benedictione</strong></span> <span class='ocrx_word' id='word_1_81' title='bbox 1541 1853 1761 1928; x_wconf 90' lang='lat' dir='ltr'><strong>absolutum</strong></span> <span class='ocrx_word' id='word_1_82' title='bbox 1780 1855 1838 1927; x_wconf 87' lang='lat' dir='ltr'><strong>est</strong></span> <span class='ocrx_word' id='word_1_83' title='bbox 1858 1852 2096 1926; x_wconf 86' lang='lat' dir='ltr'><strong>lateranense</strong></span> 
     </span>
     <span class='ocr_line' id='line_1_10' title="bbox 665 1995 2099 2096; baseline -0.003 -22"><span class='ocrx_word' id='word_1_84' title='bbox 665 1996 867 2074; x_wconf 89' lang='lat' dir='ltr'><strong>concilium</strong></span> <span class='ocrx_word' id='word_1_85' title='bbox 885 1998 987 2095; x_wconf 87' lang='lat' dir='ltr'><strong>quod</strong></span> <span class='ocrx_word' id='word_1_86' title='bbox 1006 1997 1162 2077; x_wconf 88' lang='lat' dir='ltr'><strong>duravit</strong></span> <span class='ocrx_word' id='word_1_87' title='bbox 1189 2023 1213 2074; x_wconf 90' lang='lat' dir='ltr'><strong>a</strong></span> <span class='ocrx_word' id='word_1_88' title='bbox 1241 1997 1303 2077; x_wconf 90' lang='lat' dir='ltr'><strong>die</strong></span> <span class='ocrx_word' id='word_1_89' title='bbox 1329 1999 1495 2077; x_wconf 88' lang='lat' dir='ltr'><strong>secunda</strong></span> <span class='ocrx_word' id='word_1_90' title='bbox 1525 1999 1616 2075; x_wconf 89' lang='lat' dir='ltr'><strong>maii</strong></span> <span class='ocrx_word' id='word_1_91' title='bbox 1644 1999 1736 2074; x_wconf 91' lang='lat' dir='ltr'><strong>unni</strong></span> <span class='ocrx_word' id='word_1_92' title='bbox 1769 1997 1867 2074; x_wconf 75' lang='lat'>1512</span> <span class='ocrx_word' id='word_1_93' title='bbox 1902 2019 2021 2096; x_wconf 89' lang='lat' dir='ltr'><strong>usque</strong></span> <span class='ocrx_word' id='word_1_94' title='bbox 2050 1995 2099 2071; x_wconf 89' lang='lat' dir='ltr'><strong>ud</strong></span> 
     </span>
     <span class='ocr_line' id='line_1_11' title="bbox 664 2139 1702 2219; baseline 0.004 -4"><span class='ocrx_word' id='word_1_95' title='bbox 664 2142 763 2217; x_wconf 90' lang='lat' dir='ltr'><strong>hunc</strong></span> <span class='ocrx_word' id='word_1_96' title='bbox 789 2139 889 2216; x_wconf 89' lang='lat' dir='ltr'><strong>diem</strong></span> <span class='ocrx_word' id='word_1_97' title='bbox 917 2140 1101 2218; x_wconf 91' lang='lat' dir='ltr'><strong>decimam</strong></span> <span class='ocrx_word' id='word_1_98' title='bbox 1128 2145 1277 2218; x_wconf 88' lang='lat' dir='ltr'><strong>sextam</strong></span> <span class='ocrx_word' id='word_1_99' title='bbox 1304 2145 1435 2218; x_wconf 90' lang='lat' dir='ltr'><strong>martii</strong></span> <span class='ocrx_word' id='word_1_100' title='bbox 1464 2143 1555 2219; x_wconf 92' lang='lat' dir='ltr'><strong>unni</strong></span> <span class='ocrx_word' id='word_1_101' title='bbox 1587 2143 1702 2219; x_wconf 77' lang='lat'>1517.</span> 
     </span>
    </p>
   </div>
   <div class='ocr_carea' id='block_1_3' title="bbox 660 2426 2098 3662">
    <p class='ocr_par' dir='ltr' id='par_1_3' title="bbox 660 2426 2098 3662">
     <span class='ocr_line' id='line_1_12' title="bbox 770 2426 2097 2525; baseline 0 -24"><span class='ocrx_word' id='word_1_102' title='bbox 770 2426 858 2525; x_wconf 88' lang='lat' dir='ltr'><strong>Ipsa</strong></span> <span class='ocrx_word' id='word_1_103' title='bbox 885 2427 946 2502; x_wconf 92' lang='lat' dir='ltr'><strong>die</strong></span> <span class='ocrx_word' id='word_1_104' title='bbox 973 2426 1162 2504; x_wconf 89' lang='lat' dir='ltr'><strong>dominica</strong></span> <span class='ocrx_word' id='word_1_105' title='bbox 1189 2427 1472 2523; x_wconf 89' lang='lat' dir='ltr'><strong>decimaquinta</strong></span> <span class='ocrx_word' id='word_1_106' title='bbox 1499 2430 1629 2505; x_wconf 89' lang='lat' dir='ltr'><strong>martii</strong></span> <span class='ocrx_word' id='word_1_107' title='bbox 1648 2452 1734 2504; x_wconf 89' lang='lat' dir='ltr'><strong>curu</strong></span> <span class='ocrx_word' id='word_1_108' title='bbox 1756 2429 1857 2524; x_wconf 87' lang='lat' dir='ltr'><strong>Papa</strong></span> <span class='ocrx_word' id='word_1_109' title='bbox 1876 2428 2097 2525; x_wconf 88' lang='lat' dir='ltr'><strong>procederet</strong></span> 
     </span>
     <span class='ocr_line' id='line_1_13' title="bbox 663 2568 2098 2660; baseline 0 -16"><span class='ocrx_word' id='word_1_110' title='bbox 663 2568 712 2644; x_wconf 91' lang='lat' dir='ltr'><strong>ud</strong></span> <span class='ocrx_word' id='word_1_111' title='bbox 727 2569 942 2660; x_wconf 91' lang='lat' dir='ltr'><strong>concilium,</strong></span> <span class='ocrx_word' id='word_1_112' title='bbox 962 2571 1185 2645; x_wconf 91' lang='lat' dir='ltr'><strong>nuntiatum</strong></span> <span class='ocrx_word' id='word_1_113' title='bbox 1204 2569 1240 2645; x_wconf 93' lang='lat' dir='ltr'><strong>ei</strong></span> <span class='ocrx_word' id='word_1_114' title='bbox 1258 2568 1335 2643; x_wconf 88' lang='lat' dir='ltr'><strong>fuit</strong></span> <span class='ocrx_word' id='word_1_115' title='bbox 1353 2569 1585 2647; x_wconf 88' lang='lat' dir='ltr'><strong>cardinalem</strong></span> <span class='ocrx_word' id='word_1_116' title='bbox 1601 2573 1844 2649; x_wconf 87' lang='lat' dir='ltr'><strong>arborensem</strong></span> <span class='ocrx_word' id='word_1_117' title='bbox 1859 2571 1894 2646; x_wconf 93' lang='lat' dir='ltr'><strong>d.</strong></span> <span class='ocrx_word' id='word_1_118' title='bbox 1911 2570 1936 2645; x_wconf 93' lang='lat' dir='ltr'><strong>J</strong></span> <span class='ocrx_word' id='word_1_119' title='bbox 1938 2570 2098 2646; x_wconf 90' lang='lat' dir='ltr'><strong>acobum</strong></span> 
     </span>
     <span class='ocr_line' id='line_1_14' title="bbox 662 2711 2097 2810; baseline -0.002 -21"><span class='ocrx_word' id='word_1_120' title='bbox 662 2712 903 2790; x_wconf 87' lang='lat' dir='ltr'><strong>valentinum</strong></span> <span class='ocrx_word' id='word_1_121' title='bbox 931 2715 1128 2786; x_wconf 90' lang='lat' dir='ltr'><strong>mortuum</strong></span> <span class='ocrx_word' id='word_1_122' title='bbox 1155 2711 1363 2788; x_wconf 79' lang='lat' dir='ltr'><strong>essedum</strong></span> <span class='ocrx_word' id='word_1_123' title='bbox 1385 2715 1689 2790; x_wconf 91' lang='lat' dir='ltr'><strong>verodielunae</strong></span> <span class='ocrx_word' id='word_1_124' title='bbox 1717 2713 1891 2810; x_wconf 85' lang='lat' dir='ltr'><strong>sequenti</strong></span> <span class='ocrx_word' id='word_1_125' title='bbox 1921 2713 2097 2789; x_wconf 88' lang='lat' dir='ltr'><strong>habenda</strong></span> 
     </span>
     <span class='ocr_line' id='line_1_15' title="bbox 662 2829 2097 2949; baseline 0 -19"><span class='ocrx_word' id='word_1_126' title='bbox 662 2857 763 2930; x_wconf 85' lang='lat' dir='ltr'><strong>esset</strong></span> <span class='ocrx_word' id='word_1_127' title='bbox 781 2829 897 2929; x_wconf 86' lang='lat' dir='ltr'><strong>sessio</strong></span> <span class='ocrx_word' id='word_1_128' title='bbox 916 2857 1110 2949; x_wconf 88' lang='lat' dir='ltr'><strong>postrema</strong></span> <span class='ocrx_word' id='word_1_129' title='bbox 1130 2855 1290 2946; x_wconf 89' lang='lat' dir='ltr'><strong>concilii,</strong></span> <span class='ocrx_word' id='word_1_130' title='bbox 1311 2854 1501 2932; x_wconf 79' lang='lat' dir='ltr'><strong>funeralis</strong></span> <span class='ocrx_word' id='word_1_131' title='bbox 1519 2856 1663 2932; x_wconf 84' lang='lat' dir='ltr'><strong>differri</strong></span> <span class='ocrx_word' id='word_1_132' title='bbox 1683 2857 1899 2930; x_wconf 89' lang='lat' dir='ltr'><strong>debuerunt</strong></span> <span class='ocrx_word' id='word_1_133' title='bbox 1927 2854 1976 2928; x_wconf 89' lang='lat' dir='ltr'><strong>ad</strong></span> <span class='ocrx_word' id='word_1_134' title='bbox 1997 2855 2097 2930; x_wconf 89' lang='lat' dir='ltr'><strong>diem</strong></span> 
     </span>
     <span class='ocr_line' id='line_1_16' title="bbox 662 2993 2093 3091; baseline -0.002 -21"><span class='ocrx_word' id='word_1_135' title='bbox 662 2996 796 3070; x_wconf 87' lang='lat' dir='ltr'><strong>martis</strong></span> <span class='ocrx_word' id='word_1_136' title='bbox 823 2998 911 3091; x_wconf 89' lang='lat' dir='ltr'><strong>post</strong></span> <span class='ocrx_word' id='word_1_137' title='bbox 942 2996 1163 3069; x_wconf 88' lang='lat' dir='ltr'><strong>absolutum</strong></span> <span class='ocrx_word' id='word_1_138' title='bbox 1204 2997 1415 3071; x_wconf 91' lang='lat' dir='ltr'><strong>concilium.</strong></span> <span class='ocrx_word' id='word_1_139' title='bbox 1457 2996 1611 3070; x_wconf 89' lang='lat' dir='ltr'><strong>Interea</strong></span> <span class='ocrx_word' id='word_1_140' title='bbox 1654 2993 1856 3069; x_wconf 86' lang='lat' dir='ltr'><strong>deiunctae</strong></span> <span class='ocrx_word' id='word_1_141' title='bbox 1890 2993 2093 3068; x_wconf 88' lang='lat' dir='ltr'><strong>cardinalis</strong></span> 
     </span>
     <span class='ocr_line' id='line_1_17' title="bbox 661 3135 2096 3236; baseline -0.001 -22"><span class='ocrx_word' id='word_1_142' title='bbox 661 3142 907 3214; x_wconf 87' lang='lat' dir='ltr'><strong>exenteratus</strong></span> <span class='ocrx_word' id='word_1_143' title='bbox 933 3137 1011 3213; x_wconf 88' lang='lat' dir='ltr'><strong>fuit</strong></span> <span class='ocrx_word' id='word_1_144' title='bbox 1038 3143 1083 3214; x_wconf 91' lang='lat' dir='ltr'><strong>ut</strong></span> <span class='ocrx_word' id='word_1_145' title='bbox 1110 3143 1237 3235; x_wconf 87' lang='lat' dir='ltr'><strong>posset</strong></span> <span class='ocrx_word' id='word_1_146' title='bbox 1264 3139 1410 3218; x_wconf 88' lang='lat' dir='ltr'><strong>servari</strong></span> <span class='ocrx_word' id='word_1_147' title='bbox 1439 3161 1559 3236; x_wconf 88' lang='lat' dir='ltr'><strong>usque</strong></span> <span class='ocrx_word' id='word_1_148' title='bbox 1587 3137 1637 3212; x_wconf 91' lang='lat' dir='ltr'><strong>ad</strong></span> <span class='ocrx_word' id='word_1_149' title='bbox 1663 3140 1856 3212; x_wconf 88' lang='lat' dir='ltr'><strong>statutam</strong></span> <span class='ocrx_word' id='word_1_150' title='bbox 1882 3136 1994 3213; x_wconf 92' lang='lat' dir='ltr'><strong>diem.</strong></span> <span class='ocrx_word' id='word_1_151' title='bbox 2025 3135 2096 3212; x_wconf 91' lang='lat' dir='ltr'><strong>Die</strong></span> 
     </span>
     <span class='ocr_line' id='line_1_18' title="bbox 661 3279 2092 3378; baseline -0.003 -21"><span class='ocrx_word' id='word_1_152' title='bbox 661 3287 794 3357; x_wconf 90' lang='lat' dir='ltr'><strong>autem</strong></span> <span class='ocrx_word' id='word_1_153' title='bbox 822 3282 925 3355; x_wconf 92' lang='lat' dir='ltr'><strong>dicta</strong></span> <span class='ocrx_word' id='word_1_154' title='bbox 952 3280 1174 3356; x_wconf 87' lang='lat' dir='ltr'><strong>inchoatum</strong></span> <span class='ocrx_word' id='word_1_155' title='bbox 1201 3281 1277 3357; x_wconf 83' lang='lat' dir='ltr'><strong>fuit</strong></span> <span class='ocrx_word' id='word_1_156' title='bbox 1305 3281 1467 3357; x_wconf 91' lang='lat' dir='ltr'><strong>officium</strong></span> <span class='ocrx_word' id='word_1_157' title='bbox 1496 3303 1563 3378; x_wconf 89' lang='lat' dir='ltr'><strong>pro</strong></span> <span class='ocrx_word' id='word_1_158' title='bbox 1592 3280 1779 3356; x_wconf 83' lang='lat' dir='ltr'><strong>defunctis</strong></span> <span class='ocrx_word' id='word_1_159' title='bbox 1807 3280 1903 3354; x_wconf 88' lang='lat' dir='ltr'><strong>hora</strong></span> <span class='ocrx_word' id='word_1_160' title='bbox 1930 3279 2092 3354; x_wconf 89' lang='lat' dir='ltr'><strong>decima·</strong></span> 
     </span>
     <span class='ocr_line' id='line_1_19' title="bbox 660 3417 2091 3517; baseline 0.001 -23"><span class='ocrx_word' id='word_1_161' title='bbox 660 3423 811 3516; x_wconf 89' lang='lat' dir='ltr'><strong>quarta,</strong></span> <span class='ocrx_word' id='word_1_162' title='bbox 832 3420 1175 3496; x_wconf 90' lang='lat' dir='ltr'><strong>intervenientibus</strong></span> <span class='ocrx_word' id='word_1_163' title='bbox 1194 3423 1450 3496; x_wconf 87' lang='lat' dir='ltr'><strong>cardinalibus</strong></span> <span class='ocrx_word' id='word_1_164' title='bbox 1465 3422 1754 3517; x_wconf 90' lang='lat' dir='ltr'><strong>decemseptem.</strong></span> <span class='ocrx_word' id='word_1_165' title='bbox 1771 3420 1914 3516; x_wconf 79' lang='lat' dir='ltr'><strong>Corpus</strong></span> <span class='ocrx_word' id='word_1_166' title='bbox 1929 3419 2014 3515; x_wconf 86' lang='lat' dir='ltr'><strong>ejus</strong></span> <span class='ocrx_word' id='word_1_167' title='bbox 2028 3417 2091 3495; x_wconf 88' lang='lat' dir='ltr'><strong>de·</strong></span> 
     </span>
     <span class='ocr_line' id='line_1_20' title="bbox 660 3561 2092 3662; baseline -0.001 -26"><span class='ocrx_word' id='word_1_168' title='bbox 660 3563 785 3637; x_wconf 90' lang='lat' dir='ltr'><strong>latum</strong></span> <span class='ocrx_word' id='word_1_169' title='bbox 813 3561 890 3636; x_wconf 87' lang='lat' dir='ltr'><strong>luit</strong></span> <span class='ocrx_word' id='word_1_170' title='bbox 915 3561 964 3637; x_wconf 92' lang='lat' dir='ltr'><strong>ad</strong></span> <span class='ocrx_word' id='word_1_171' title='bbox 992 3561 1187 3638; x_wconf 90' lang='lat' dir='ltr'><strong>ecclesiam</strong></span> <span class='ocrx_word' id='word_1_172' title='bbox 1225 3563 1349 3640; x_wconf 87' lang='lat' dir='ltr'><strong>sancti</strong></span> <span class='ocrx_word' id='word_1_173' title='bbox 1376 3562 1510 3640; x_wconf 86' lang='lat' dir='ltr'><strong>Jacobi</strong></span> <span class='ocrx_word' id='word_1_174' title='bbox 1540 3565 1601 3640; x_wconf 89' lang='lat' dir='ltr'><strong>cui</strong></span> <span class='ocrx_word' id='word_1_175' title='bbox 1629 3565 1708 3661; x_wconf 89' lang='lat' dir='ltr'><strong>ipse</strong></span> <span class='ocrx_word' id='word_1_176' title='bbox 1741 3562 1847 3662; x_wconf 86' lang='lat' dir='ltr'><strong>prius</strong></span> <span class='ocrx_word' id='word_1_177' title='bbox 1882 3561 2092 3660; x_wconf 88' lang='lat' dir='ltr'><strong>reliquerat</strong></span> 
     </span>
    </p>
   </div>
   <div class='ocr_carea' id='block_1_4' title="bbox 539 3705 2091 3807">
    <p class='ocr_par' dir='ltr' id='par_1_4' title="bbox 539 3705 2091 3807">
     <span class='ocr_line' id='line_1_21' title="bbox 539 3705 2091 3807; baseline 0 -24"><span class='ocrx_word' id='word_1_178' title='bbox 539 3705 542 3712; x_wconf 81' lang='grc'><strong>’</strong></span> <span class='ocrx_word' id='word_1_179' title='bbox 660 3707 860 3784; x_wconf 91' lang='lat' dir='ltr'><strong>duomiilia</strong></span> <span class='ocrx_word' id='word_1_180' title='bbox 887 3708 1114 3785; x_wconf 87' lang='lat' dir='ltr'><strong>ducatorum</strong></span> <span class='ocrx_word' id='word_1_181' title='bbox 1140 3731 1209 3807; x_wconf 85' lang='lat' dir='ltr'><strong>pro</strong></span> <span class='ocrx_word' id='word_1_182' title='bbox 1236 3709 1409 3806; x_wconf 86' lang='lat' dir='ltr'><strong>sepulcro</strong></span> <span class='ocrx_word' id='word_1_183' title='bbox 1437 3712 1480 3785; x_wconf 92' lang='lat' dir='ltr'><strong>et</strong></span> <span class='ocrx_word' id='word_1_184' title='bbox 1505 3708 1676 3805; x_wconf 89' lang='lat' dir='ltr'><strong>cappella</strong></span> <span class='ocrx_word' id='word_1_185' title='bbox 1694 3714 1879 3806; x_wconf 90' lang='lat' dir='ltr'><strong>perpetuo</strong></span> <span class='ocrx_word' id='word_1_186' title='bbox 1906 3705 2091 3784; x_wconf 86' lang='lat' dir='ltr'><strong>iacienda.</strong></span> 
     </span>
    </p>
   </div>
   <div class='ocr_carea' id='block_1_5' title="bbox 505 3995 2091 4095">
    <p class='ocr_par' dir='ltr' id='par_1_5' title="bbox 505 3995 2091 4095">
     <span class='ocr_line' id='line_1_22' title="bbox 505 3995 2091 4095; baseline -0.006 -16"><span class='ocrx_word' id='word_1_187' title='bbox 505 4062 512 4079; x_wconf 93' lang='lat'><strong>.</strong></span> <span class='ocrx_word' id='word_1_188' title='bbox 623 4064 630 4083; x_wconf 92' lang='lat'>.</span> <span class='ocrx_word' id='word_1_189' title='bbox 766 4001 837 4077; x_wconf 92' lang='lat' dir='ltr'><strong>Die</strong></span> <span class='ocrx_word' id='word_1_190' title='bbox 864 4001 979 4076; x_wconf 90' lang='lat' dir='ltr'><strong>lunae</strong></span> <span class='ocrx_word' id='word_1_191' title='bbox 1007 3999 1315 4094; x_wconf 85' lang='lat' dir='ltr'><strong>decimoseptimo</strong></span> <span class='ocrx_word' id='word_1_192' title='bbox 1343 3998 1472 4074; x_wconf 88' lang='lat' dir='ltr'><strong>martii</strong></span> <span class='ocrx_word' id='word_1_193' title='bbox 1498 3999 1604 4095; x_wconf 91' lang='lat' dir='ltr'><strong>Papa</strong></span> <span class='ocrx_word' id='word_1_194' title='bbox 1623 3997 1845 4094; x_wconf 87' lang='lat' dir='ltr'><strong>priusquam</strong></span> <span class='ocrx_word' id='word_1_195' title='bbox 1862 3995 1911 4070; x_wconf 90' lang='lat' dir='ltr'><strong>ad</strong></span> <span class='ocrx_word' id='word_1_196' title='bbox 1938 3995 2091 4071; x_wconf 86' lang='lat' dir='ltr'><strong>missam</strong></span> 
     </span>
    </p>
   </div>
   <div class='ocr_carea' id='block_1_6' title="bbox 658 4136 2091 4667">
    <p class='ocr_par' dir='ltr' id='par_1_6' title="bbox 658 4136 2091 4667">
     <span class='ocr_line' id='line_1_23' title="bbox 659 4136 2091 4234; baseline -0.006 -15"><span class='ocrx_word' id='word_1_197' title='bbox 659 4143 810 4219; x_wconf 83' lang='lat' dir='ltr'><strong>concilii</strong></span> <span class='ocrx_word' id='word_1_198' title='bbox 823 4142 1076 4234; x_wconf 86' lang='lat' dir='ltr'><strong>descenderet,</strong></span> <span class='ocrx_word' id='word_1_199' title='bbox 1095 4142 1241 4220; x_wconf 85' lang='lat' dir='ltr'><strong>vocatis</strong></span> <span class='ocrx_word' id='word_1_200' title='bbox 1255 4139 1521 4230; x_wconf 87' lang='lat' dir='ltr'><strong>cardinalibus,</strong></span> <span class='ocrx_word' id='word_1_201' title='bbox 1541 4138 1807 4213; x_wconf 90' lang='lat' dir='ltr'><strong>consistorium</strong></span> <span class='ocrx_word' id='word_1_202' title='bbox 1821 4136 1949 4212; x_wconf 89' lang='lat' dir='ltr'><strong>tenuit</strong></span> <span class='ocrx_word' id='word_1_203' title='bbox 1961 4136 2001 4208; x_wconf 95' lang='lat' dir='ltr'><strong>in</strong></span> <span class='ocrx_word' id='word_1_204' title='bbox 2017 4157 2091 4232; x_wconf 89' lang='lat' dir='ltr'><strong>quo</strong></span> 
     </span>
     <span class='ocr_line' id='line_1_24' title="bbox 658 4279 2089 4376; baseline -0.006 -16"><span class='ocrx_word' id='word_1_205' title='bbox 658 4293 786 4360; x_wconf 82' lang='lat' dir='ltr'><strong>rmum</strong></span> <span class='ocrx_word' id='word_1_206' title='bbox 813 4281 850 4360; x_wconf 89' lang='lat' dir='ltr'><strong>d.</strong></span> <span class='ocrx_word' id='word_1_207' title='bbox 882 4282 1124 4360; x_wconf 78' lang='lat' dir='ltr'><strong>Franciscum</strong></span> <span class='ocrx_word' id='word_1_208' title='bbox 1159 4281 1406 4356; x_wconf 88' lang='lat' dir='ltr'><strong>Romulinnm</strong></span> <span class='ocrx_word' id='word_1_209' title='bbox 1441 4281 1672 4357; x_wconf 90' lang='lat' dir='ltr'><strong>cardinalem</strong></span> <span class='ocrx_word' id='word_1_210' title='bbox 1709 4279 1968 4355; x_wconf 88' lang='lat' dir='ltr'><strong>surrentinum</strong></span> <span class='ocrx_word' id='word_1_211' title='bbox 2004 4299 2089 4376; x_wconf 90' lang='lat' dir='ltr'><strong>pro·</strong></span> 
     </span>
     <span class='ocr_line' id='line_1_25' title="bbox 659 4420 2091 4525; baseline -0.008 -20"><span class='ocrx_word' id='word_1_212' title='bbox 659 4421 836 4507; x_wconf 80' lang='lat' dir='ltr'><strong>movit‘in</strong></span> <span class='ocrx_word' id='word_1_213' title='bbox 850 4431 1066 4525; x_wconf 84' lang='lat' dir='ltr'><strong>episcopum</strong></span> <span class='ocrx_word' id='word_1_214' title='bbox 1094 4427 1348 4504; x_wconf 89' lang='lat' dir='ltr'><strong>albanensem.</strong></span> <span class='ocrx_word' id='word_1_215' title='bbox 1375 4425 1581 4499; x_wconf 88' lang='lat' dir='ltr'><strong>Praeterea</strong></span> <span class='ocrx_word' id='word_1_216' title='bbox 1612 4421 1717 4519; x_wconf 89' lang='lat' dir='ltr'><strong>Papa</strong></span> <span class='ocrx_word' id='word_1_217' title='bbox 1745 4422 1943 4501; x_wconf 91' lang='lat' dir='ltr'><strong>mandavit</strong></span> <span class='ocrx_word' id='word_1_218' title='bbox 1961 4420 2091 4497; x_wconf 89' lang='lat' dir='ltr'><strong>Paridi</strong></span> 
     </span>
     <span class='ocr_line' id='line_1_26' title="bbox 658 4565 2088 4667; baseline -0.006 -21"><span class='ocrx_word' id='word_1_219' title='bbox 658 4574 705 4646; x_wconf 90' lang='lat' dir='ltr'><strong>nt</strong></span> <span class='ocrx_word' id='word_1_220' title='bbox 731 4571 963 4648; x_wconf 90' lang='lat' dir='ltr'><strong>cardinalem</strong></span> <span class='ocrx_word' id='word_1_221' title='bbox 990 4571 1144 4648; x_wconf 88' lang='lat' dir='ltr'><strong>noviter</strong></span> <span class='ocrx_word' id='word_1_222' title='bbox 1161 4571 1378 4667; x_wconf 90' lang='lat' dir='ltr'><strong>episcopum</strong></span> <span class='ocrx_word' id='word_1_223' title='bbox 1397 4571 1570 4644; x_wconf 87' lang='lat' dir='ltr'><strong>creatum</strong></span> <span class='ocrx_word' id='word_1_224' title='bbox 1589 4565 1638 4639; x_wconf 89' lang='lat' dir='ltr'><strong>nd</strong></span> <span class='ocrx_word' id='word_1_225' title='bbox 1663 4565 1776 4642; x_wconf 88' lang='lat' dir='ltr'><strong>aedes</strong></span> <span class='ocrx_word' id='word_1_226' title='bbox 1804 4587 1893 4640; x_wconf 90' lang='lat' dir='ltr'><strong>suas</strong></span> <span class='ocrx_word' id='word_1_227' title='bbox 1921 4565 2088 4640; x_wconf 88' lang='lat' dir='ltr'><strong>duceret.</strong></span> 
     </span>
    </p>
   </div>
   <div class='ocr_carea' id='block_1_7' title="bbox 606 4849 2091 5376">
    <p class='ocr_par' dir='ltr' id='par_1_7' title="bbox 606 4849 2091 5376">
     <span class='ocr_line' id='line_1_27' title="bbox 606 4849 2089 4930; baseline -0.007 0"><span class='ocrx_word' id='word_1_228' title='bbox 606 4883 630 4925; x_wconf 83' lang='lat' dir='ltr'><strong>r.</strong></span> <span class='ocrx_word' id='word_1_229' title='bbox 768 4855 967 4930; x_wconf 89' lang='lat' dir='ltr'><strong>Dominica</strong></span> <span class='ocrx_word' id='word_1_230' title='bbox 993 4855 1041 4930; x_wconf 91' lang='lat' dir='ltr'><strong>de</strong></span> <span class='ocrx_word' id='word_1_231' title='bbox 1068 4855 1169 4930; x_wconf 88' lang='lat' dir='ltr'><strong>Rosa</strong></span> <span class='ocrx_word' id='word_1_232' title='bbox 1196 4857 1278 4930; x_wconf 88' lang='lat' dir='ltr'><strong>sive</strong></span> <span class='ocrx_word' id='word_1_233' title='bbox 1306 4855 1468 4929; x_wconf 85' lang='lat' dir='ltr'><strong>Laetare</strong></span> <span class='ocrx_word' id='word_1_234' title='bbox 1500 4850 1674 4926; x_wconf 88' lang='lat' dir='ltr'><strong>cantavit</strong></span> <span class='ocrx_word' id='word_1_235' title='bbox 1701 4849 1855 4923; x_wconf 89' lang='lat' dir='ltr'><strong>missam</strong></span> <span class='ocrx_word' id='word_1_236' title='bbox 1884 4854 1990 4920; x_wconf 81' lang='lat' dir='ltr'><strong>rmus</strong></span> <span class='ocrx_word' id='word_1_237' title='bbox 2009 4867 2089 4919; x_wconf 90' lang='lat' dir='ltr'><strong>car·</strong></span> 
     </span>
     <span class='ocr_line' id='line_1_28' title="bbox 662 4988 2091 5093; baseline -0.008 -23"><span class='ocrx_word' id='word_1_238' title='bbox 662 4997 800 5072; x_wconf 90' lang='lat' dir='ltr'><strong>dinalis</strong></span> <span class='ocrx_word' id='word_1_239' title='bbox 827 5019 856 5072; x_wconf 89' lang='lat' dir='ltr'><strong>s.</strong></span> <span class='ocrx_word' id='word_1_240' title='bbox 884 4995 1104 5093; x_wconf 82' lang='lat' dir='ltr'><strong>Orysogoni.</strong></span> <span class='ocrx_word' id='word_1_241' title='bbox 1134 4995 1240 5092; x_wconf 88' lang='lat' dir='ltr'><strong>Papa</strong></span> <span class='ocrx_word' id='word_1_242' title='bbox 1266 4992 1463 5071; x_wconf 83' lang='lat' dir='ltr'><strong>benedixit</strong></span> <span class='ocrx_word' id='word_1_243' title='bbox 1489 5015 1627 5082; x_wconf 84' lang='lat' dir='ltr'><strong>rosam,</strong></span> <span class='ocrx_word' id='word_1_244' title='bbox 1656 5011 1725 5064; x_wconf 91' lang='lat' dir='ltr'><strong>nee</strong></span> <span class='ocrx_word' id='word_1_245' title='bbox 1752 4992 1883 5065; x_wconf 91' lang='lat' dir='ltr'><strong>tamen</strong></span> <span class='ocrx_word' id='word_1_246' title='bbox 1914 5008 1960 5061; x_wconf 94' lang='lat' dir='ltr'><strong>eo</strong></span> <span class='ocrx_word' id='word_1_247' title='bbox 1993 4988 2091 5059; x_wconf 89' lang='lat' dir='ltr'><strong>tem·</strong></span> 
     </span>
     <span class='ocr_line' id='line_1_29' title="bbox 658 5129 2088 5235; baseline -0.01 -22"><span class='ocrx_word' id='word_1_248' title='bbox 658 5161 750 5235; x_wconf 89' lang='lat' dir='ltr'><strong>pore</strong></span> <span class='ocrx_word' id='word_1_249' title='bbox 763 5138 974 5214; x_wconf 88' lang='lat' dir='ltr'><strong>declaravit</strong></span> <span class='ocrx_word' id='word_1_250' title='bbox 988 5140 1120 5212; x_wconf 89' lang='lat' dir='ltr'><strong>utrum</strong></span> <span class='ocrx_word' id='word_1_251' title='bbox 1146 5137 1266 5214; x_wconf 90' lang='lat' dir='ltr'><strong>vellet</strong></span> <span class='ocrx_word' id='word_1_252' title='bbox 1283 5136 1426 5211; x_wconf 89' lang='lat' dir='ltr'><strong>donare</strong></span> <span class='ocrx_word' id='word_1_253' title='bbox 1444 5157 1571 5208; x_wconf 89' lang='lat' dir='ltr'><strong>rosam</strong></span> <span class='ocrx_word' id='word_1_254' title='bbox 1590 5131 1670 5228; x_wconf 81' lang='lat' dir='ltr'><strong>regi</strong></span> <span class='ocrx_word' id='word_1_255' title='bbox 1688 5129 1907 5226; x_wconf 81' lang='lat' dir='ltr'><strong>Hungariae</strong></span> <span class='ocrx_word' id='word_1_256' title='bbox 1929 5129 2000 5200; x_wconf 90' lang='lat' dir='ltr'><strong>aut</strong></span> <span class='ocrx_word' id='word_1_257' title='bbox 2022 5147 2088 5222; x_wconf 92' lang='lat' dir='ltr'><strong>po·</strong></span> 
     </span>
     <span class='ocr_line' id='line_1_30' title="bbox 657 5271 2088 5376; baseline -0.008 -24"><span class='ocrx_word' id='word_1_258' title='bbox 657 5277 736 5354; x_wconf 88' lang='lat' dir='ltr'><strong>tine</strong></span> <span class='ocrx_word' id='word_1_259' title='bbox 763 5279 987 5376; x_wconf 90' lang='lat' dir='ltr'><strong>imperatori</strong></span> <span class='ocrx_word' id='word_1_260' title='bbox 1014 5279 1080 5375; x_wconf 91' lang='lat' dir='ltr'><strong>qui</strong></span> <span class='ocrx_word' id='word_1_261' title='bbox 1107 5299 1174 5374; x_wconf 91' lang='lat' dir='ltr'><strong>per</strong></span> <span class='ocrx_word' id='word_1_262' title='bbox 1201 5301 1313 5353; x_wconf 88' lang='lat' dir='ltr'><strong>suum</strong></span> <span class='ocrx_word' id='word_1_263' title='bbox 1342 5280 1535 5352; x_wconf 89' lang='lat' dir='ltr'><strong>oratorem</strong></span> <span class='ocrx_word' id='word_1_264' title='bbox 1552 5272 1833 5370; x_wconf 79' lang='lat' dir='ltr'><strong>significaverat</strong></span> <span class='ocrx_word' id='word_1_265' title='bbox 1851 5271 2088 5366; x_wconf 86' lang='lat' dir='ltr'><strong>quantopere</strong></span> 
     </span>
    </p>
   </div>
   <div class='ocr_carea' id='block_1_8' title="bbox 659 5412 2090 5520">
    <p class='ocr_par' dir='ltr' id='par_1_8' title="bbox 659 5412 2090 5520">
     <span class='ocr_line' id='line_1_31' title="bbox 659 5412 2090 5520; baseline -0.01 -22"><span class='ocrx_word' id='word_1_266' title='bbox 659 5423 857 5520; x_wconf 89' lang='lat' dir='ltr'><strong>acceptum</strong></span> <span class='ocrx_word' id='word_1_267' title='bbox 884 5421 958 5497; x_wconf 90' lang='lat' dir='ltr'><strong>sibi</strong></span> <span class='ocrx_word' id='word_1_268' title='bbox 985 5419 1087 5499; x_wconf 80' lang='lat' dir='ltr'><strong>toret</strong></span> <span class='ocrx_word' id='word_1_269' title='bbox 1112 5421 1209 5500; x_wconf 91' lang='lat' dir='ltr'><strong>illud</strong></span> <span class='ocrx_word' id='word_1_270' title='bbox 1236 5419 1430 5501; x_wconf 80' lang='lat' dir='ltr'><strong>Pontificio</strong></span> <span class='ocrx_word' id='word_1_271' title='bbox 1458 5419 1612 5496; x_wconf 91' lang='lat' dir='ltr'><strong>donum.</strong></span> <span class='ocrx_word' id='word_1_272' title='bbox 1641 5415 1798 5494; x_wconf 83' lang='lat' dir='ltr'><strong>Peridus</strong></span> <span class='ocrx_word' id='word_1_273' title='bbox 1829 5412 2090 5508; x_wconf 78' lang='lat' dir='ltr'><strong>iuterrogatus</strong></span> 
     </span>
    </p>
   </div>
   <div class='ocr_carea' id='block_1_9' title="bbox 0 0 2490 6352">
    <p class='ocr_par' dir='ltr' id='par_1_9' title="bbox 0 0 2490 6352">
     <span class='ocr_line' id='line_1_32' title="bbox 0 0 2490 6352; baseline 0 4"><span class='ocrx_word' id='word_1_274' title='bbox 0 0 2490 6352; x_wconf 95' lang='lat' dir='ltr'><strong> </strong></span> 
     </span>
    </p>
   </div>
  </div>
 </body>
</html>
