4970 6352
850 607 885 652 ιι,
908 604 1023 652 nmmo
1046 603 1082 648 nr
1105 600 1188 648 rara
1210 601 1323 648 nnorn
1346 603 1378 654 x.
1787 579 1828 646 15

1243 687 1830 706 Μ

916 1385 1004 1486 A·
1044 1381 1302 1484 MDXIV.

497 1808 541 1882 ln
569 1808 703 1903 vigilia
730 1805 964 1904 Epiphaniae
981 1827 1163 1902 vesperae
1181 1805 1396 1880 celebratae
1413 1808 1506 1880 sunt
1532 1804 1582 1880 ad
1610 1827 1705 1901 quas
1723 1804 1832 1880 venit
1856 1811 1921 1871 Fol·
1938 1811 1974 1868 ⁸⁶
1992 1829 2021 1870 v·

395 1950 510 2046 Papa.
540 1951 586 2026 In
614 1951 675 2026 die
717 1949 951 2048 Epiphaniae
989 1949 1064 2024 luit
1105 1948 1275 2045 cappella
1302 1948 1448 2044 papalis
1489 1949 1635 2044 inqua
1675 1949 1829 2024 missam

393 2093 567 2170 cantavit
595 2091 798 2168 cardinalis
828 2089 865 2166 S.
883 2089 1013 2166 Crucis
1030 2089 1237 2186 episcopus,
1258 2092 1299 2165 et
1320 2111 1536 2165 sermonem
1563 2089 1701 2163 habuit
1728 2090 1832 2186 prior

393 2256 422 2306 s.
452 2233 633 2307 Marcelli.
664 2234 769 2329 Papa
795 2235 1004 2326 antequam
1032 2229 1081 2302 ad
1110 2229 1265 2303 missam
1292 2229 1444 2304 veniret
1474 2227 1711 2305 consultavit
1750 2251 1830 2304 car·

393 2369 539 2445 dinales
567 2393 680 2468 super
707 2369 858 2446 laetitia
886 2367 1121 2443 ostendenda
1148 2390 1217 2466 pro
1244 2367 1407 2444 victoria
1434 2369 1533 2464 regis
1571 2367 1833 2466 Portugalliae

392 2517 526 2590 contra
553 2513 734 2607 infideles,
762 2516 804 2590 et
830 2512 977 2612 placuit
1003 2513 1179 2589 omnibus
1206 2513 1412 2589 manifesta
1438 2513 1547 2611 signa
1574 2512 1669 2589 dari.

498 2797 569 2872 Die
598 2797 787 2874 dominica
827 2800 966 2874 octava
1001 2797 1157 2894 januari
1186 2798 1291 2894 Papa
1331 2795 1524 2895 equitavit
1550 2796 1600 2872 ad
1637 2794 1833 2873 ecclesiam
1859 2799 1935 2858 2⁸⁰
1952 2818 1976 2858 r·

393 2958 422 3011 s.
452 2935 661 3032 Augustini
688 2939 833 3032 gratias
860 2937 941 3012 Dec
968 2940 1126 3011 acturus
1153 2937 1200 3012 de
1230 2935 1395 3012 victoria
1421 2937 1546 3011 relata
1573 2958 1597 3009 a
1623 2957 1712 3031 rege
1739 2935 1832 3009 Por·

392 3077 576 3172 tugalliae
604 3080 739 3152 contra
765 3076 935 3178 infideles
962 3077 1003 3151 in
1030 3077 1204 3174 partibus
1235 3076 1399 3168 Africae,
1428 3077 1469 3151 in
1496 3077 1579 3152 loco
1608 3075 1675 3172 qui
1693 3075 1834 3151 dicitur
1868 3167 1871 3174 Ι

392 3223 618 3298 Marochius.
648 3221 694 3296 In
720 3221 916 3317 praedicta
951 3221 1120 3297 Ecclesia
1147 3245 1178 3296 r.
1207 3246 1244 3318 p.
1274 3222 1310 3296 d.
1341 3221 1543 3318 Pompeius
1571 3220 1618 3296 de
1647 3219 1834 3297 Columna

392 3367 601 3442 celebravit
628 3366 781 3441 missam
810 3364 857 3441 de
885 3366 1075 3441 dominica
1102 3388 1190 3441 cum
1217 3366 1382 3441 secunda
1409 3365 1583 3439 oratione
1601 3365 1649 3439 de
1670 3364 1833 3440 victoria

391 3511 433 3582 et
459 3507 579 3582 tertia
606 3506 652 3581 de
680 3505 901 3602 Epiphania.
929 3506 1093 3602 Expleta
1119 3507 1245 3597 Missa,
1275 3505 1430 3602 quidam
1456 3505 1658 3581 canonicus
1675 3528 1706 3580 a.
1725 3505 1834 3581 Petri

393 3651 518 3727 dictus
545 3649 711 3748 (lapella,
729 3650 923 3727 osculatus
952 3651 1085 3748 pedem
1113 3650 1241 3747 Papae
1268 3649 1439 3728 obtinuit
1457 3649 1736 3748 indulgentiam
1755 3650 1834 3747 ple·

391 3796 542 3869 nariam
569 3799 610 3870 et
637 3794 774 3870 habuit
801 3794 1016 3892 elegantem
1057 3816 1282 3871 sermonem.
1312 3793 1358 3868 In
1395 3793 1470 3870 fine
1497 3794 1603 3890 Papa
1643 3793 1833 3890 precinuit

390 3937 587 4036 Hymnum
620 3939 709 4013 “Tc
736 3937 851 4014 Deum
878 3939 1097 4029 laodamia„
1129 3959 1252 4036 eoque
1279 3937 1469 4034 absoluto,
1498 3937 1672 4015 cantavit
1704 3959 1833 4036 preces

390 4087 432 4159 et
458 4085 684 4174 orationem,
713 4084 754 4160 et
780 4083 1002 4178 impartitus
1030 4085 1090 4160 est
1116 4083 1430 4159 benedictionem.

500 4367 595 4444 Oum
624 4367 730 4464 Papa
756 4365 797 4439 iu
826 4387 871 4442 eo
899 4368 1000 4442 esset
1026 4364 1088 4441 die
1117 4364 1307 4440 dominica
1346 4365 1484 4444 octava
1516 4365 1688 4466 januarii
1714 4365 1761 4438 ut
1783 4365 1833 4440 ad
1858 4395 1933 4454 ιω
1951 4409 1980 4454 v.

391 4511 588 4588 ecclesiam
629 4531 659 4584 s.
697 4507 907 4604 Augustini
933 4511 1119 4605 pergeret,
1163 4511 1295 4583 orator
1335 4509 1435 4606 regis
1476 4509 1659 4586 Poloniae
1699 4508 1834 4584 literas

392 4649 536 4725 detulit
563 4647 603 4722 in
631 4647 769 4744 quibus
804 4646 1074 4722 continebatur
1110 4644 1221 4720 illum
1263 4669 1390 4744 regem
1424 4649 1465 4722 in
1491 4649 1625 4745 vigilia
1661 4646 1833 4723 omnium

391 4794 612 4865 sanctorum
639 4787 818 4862 bellando
846 4789 980 4862 contra
1012 4788 1253 4878 moscovitos,
1274 4787 1427 4864 eosdem
1464 4788 1608 4864 fudisse
1635 4789 1746 4864 acin
1774 4787 1833 4862 fu·

391 4953 478 5026 gam
508 4929 665 5022 misisse,
681 4927 799 5003 cassis
826 4927 989 5025 triginta
1007 4928 1188 5003 millibus.
1209 4927 1305 5004 Cum
1324 4951 1415 5006 vero
1434 4928 1524 5006 illae
1543 4931 1682 5006 literae
1695 4929 1834 5006 missae

393 5078 522 5152 essent
534 5074 584 5148 ad
599 5076 791 5148 oratorem
806 5073 846 5146 in
864 5073 1048 5150 idiomate
1067 5074 1220 5171 vulgari
1238 5076 1378 5172 polono
1397 5079 1591 5169 exaratae,
1604 5074 1706 5152 illico
1727 5098 1833 5150 man·

393 5215 501 5290 davit
527 5214 634 5310 Papa
669 5213 864 5308 praelatas
905 5214 1039 5290 literas
1066 5214 1106 5288 in
1138 5215 1305 5291 latinum
1333 5237 1547 5291 sermonem
1587 5216 1760 5290 converti
1790 5218 1836 5289 ot

393 5350 468 5447 legi
488 5351 643 5444 possent
657 5347 696 5422 ln
711 5347 860 5444 pulpito
875 5349 959 5445 post
973 5371 1187 5425 samonem
1203 5350 1250 5427 de
1265 5352 1427 5426 victoria
1441 5353 1540 5448 regie
1555 5349 1831 5448 Portugalliae.
