4970 6352
673 636 718 703 46
1228 657 1350 704 namna
1374 657 1418 702 aa
1442 657 1561 704 causer

469 881 531 942 sot
552 883 647 944 actv.
781 878 852 954 Die
879 878 1076 954 Paschatis
1104 879 1208 976 Papa
1235 879 1495 956 celebraturus
1519 877 1677 954 missam
1693 878 1788 952 hora
1811 877 2110 974 decimaquarta,

675 1021 871 1096 descendit
897 1022 945 1096 ad
972 1022 1179 1112 basilicam,
1208 1025 1248 1096 et
1275 1045 1361 1096 cum
1394 1027 1494 1099 esset
1525 1024 1566 1097 in
1603 1025 1704 1120 logia
1741 1046 1810 1118 pro
1846 1021 2111 1096 benedictione

675 1163 829 1240 sonarit
842 1163 937 1238 hora
956 1163 1276 1260 decimaseptima.
1297 1161 1508 1239 cardinalis
1526 1164 1573 1240 de
1593 1165 1786 1260 dragonia
1801 1165 1975 1238 cantavit
1998 1184 2112 1238 evan-

675 1305 830 1397 galium,
860 1309 900 1380 et
928 1306 964 1380 d.
993 1307 1116 1380 Eneas
1144 1305 1346 1402 epistolam
1374 1305 1527 1399 quando
1559 1312 1733 1382 cantores
1761 1309 1984 1382 cantarunt:
2015 1307 2114 1378 Haec

675 1445 749 1516 dias
751 1500 813 1518 .....
843 1445 936 1518 Post
963 1447 1135 1536 tertiam,
1176 1445 1282 1538 Papa
1309 1445 1351 1516 et
1377 1465 1508 1518 omnes
1537 1449 1730 1534 sederunt,
1760 1447 1814 1518 sic
1845 1444 2047 1518 ordinante
2074 1444 2110 1518 d.

675 1583 911 1659 Bernardino
941 1586 1007 1682 qui
1034 1585 1129 1660 alias
1156 1585 1281 1661 voluit
1308 1585 1409 1682 quod
1442 1589 1604 1678 starent,
1633 1590 1674 1662 et
1700 1587 1830 1662 levato
1868 1583 2112 1659 Sacramenta

676 1731 852 1803 ostensus
879 1732 939 1803 est
966 1728 1107 1804 Vultus
1136 1727 1308 1803 Sanctus.
1343 1729 1500 1818 Quando
1529 1729 1633 1827 Papa
1661 1726 1957 1805 communicavit
1993 1726 2106 1800 cardi·

675 1871 781 1944 nales
809 1869 886 1945 luit
913 1875 1032 1964 stans,
1070 1871 1221 1968 quando
1250 1877 1381 1946 autem
1418 1873 1714 1949 communicavit
1733 1872 1840 1962 alios,
1869 1871 1945 1945 fuit
1980 1868 2112 1944 sedens

675 2013 743 2088 sed
770 2014 875 2090 nudo
904 2016 1040 2112 capite·
1069 2015 1114 2088 In
1142 2015 1270 2112 platea
1297 2039 1327 2090 s.
1357 2015 1463 2091 Petri
1490 2017 1567 2091 fuit
1594 2019 1728 2092 tantus
1755 2016 1918 2113 populus
1945 2016 2112 2110 quantus

675 2179 874 2254 nunquam
901 2157 1006 2233 visus
1035 2157 1173 2250 fuerat,
1201 2158 1309 2253 quasi
1341 2158 1441 2234 sicut
1468 2180 1570 2234 anno
1600 2156 1738 2254 jubilei
1756 2156 1982 2232 aestimatus
2009 2155 2113 2228 ultra

675 2304 832 2375 centum
862 2301 984 2376 millia
1002 2324 1089 2377 cum
1113 2301 1368 2377 admiratione
1386 2301 1513 2400 Papae
1532 2306 1573 2379 et
1591 2302 1774 2394 omnium,
1794 2304 1835 2376 et
1852 2299 1928 2373 fuit
1946 2297 2112 2372 mutatio

675 2434 901 2538 capparum
922 2444 975 2519 sic
997 2443 1159 2540 jubente
1187 2441 1382 2519 Pontifice.

639 2776 647 2792 .
780 2725 852 2831 Die
879 2726 1056 2801 mercurii
1085 2729 1207 2822 prima
1234 2728 1377 2824 aprilis,
1406 2726 1511 2821 Papa
1531 2727 1569 2799 in
1589 2724 1814 2800 consistorio
1843 2724 1988 2798 creavit
2016 2722 2111 2797 duos

674 2888 795 2943 novos
823 2867 1035 2943 cardinales
1074 2869 1395 2962 ultramontanos,
1425 2892 1587 2966 quorum
1615 2868 1714 2944 alter
1741 2867 1790 2942 ad
1827 2889 1955 2964 preces
1992 2866 2109 2962 impe·

676 3012 816 3086 ratoris
843 3016 884 3086 et
911 3013 1010 3106 regis
1051 3012 1228 3088 catholici
1265 3015 1413 3110 nepotis
1440 3015 1500 3089 eui
1535 3014 1613 3088 fuit
1649 3017 1800 3088 creatus
1827 3017 1868 3087 et
1895 3013 2110 3108 publicatus

675 3175 811 3250 nempe
839 3155 1121 3243 cameracensis,
1150 3154 1354 3226 admodum
1379 3154 1533 3248 juvenis
1561 3175 1605 3226 ac
1632 3153 1850 3242 monachus,
1880 3151 1979 3225 alter
2007 3152 2109 3224 bitu·

675 3293 830 3368 ricensis
857 3293 974 3368 etiam
1003 3294 1221 3384 monachus,
1251 3295 1317 3390 qui
1345 3294 1436 3369 licat
1459 3293 1576 3369 fuerit
1596 3296 1757 3385 creatus,
1787 3314 1864 3368 non
1883 3296 2015 3366 tamen
2034 3290 2111 3366 luit

674 3459 719 3512 eo
748 3441 922 3535 tempore
949 3437 1202 3534 pubblicatus.

779 3722 851 3796 Die
878 3721 1014 3796 martis
1048 3720 1295 3798 decimanona
1337 3721 1427 3796 matii
1468 3721 1568 3796 circa
1608 3721 1742 3796 homm
1783 3720 2109 3796 decimamuouam

673 3866 776 3962 capti
803 3868 906 3956 sunt,
926 3867 966 3940 et
992 3865 1032 3938 in
1059 3867 1184 3939 castro
1212 3887 1241 3940 s.
1272 3867 1408 3962 Angeli
1435 3864 1571 3938 inclusi
1600 3864 1674 3939 duo
1703 3865 1778 3938 rmi
1806 3863 1867 3939 dd.
1896 3864 2109 3939 cardinales

672 4009 932 4086 Bernardinus
959 4010 1206 4086 Bandinellus
1233 4010 1280 4085 de
1309 4008 1433 4084 Saulis
1453 4008 1559 4083 tituli
1586 4012 1742 4085 sunctae
1773 4007 1935 4084 Sabinae
1954 4009 2108 4108 presby·

672 4159 743 4246 ter,
772 4157 814 4229 et
841 4155 1022 4230 Alfousus
1049 4155 1096 4230 de
1126 4155 1308 4229 Petrutiis
1336 4153 1420 4244 (47)
1449 4154 1570 4228 sancti
1598 4153 1786 4228 'llnodori
1820 4152 2000 4226 diaconus
2028 4175 2107 4226 car·

673 4295 810 4368 dinalis
838 4295 884 4370 de
905 4295 1012 4369 Senis
1030 4299 1284 4390 nuncupatus,
1314 4317 1359 4368 ex
1379 4318 1435 4383 eo,
1455 4299 1502 4368 ut
1520 4295 1670 4386 dicitur,
1691 4296 1792 4390 quod
1811 4315 2000 4370 venenum
2020 4317 2107 4368 ccu-

672 4440 736 4511 tra
763 4458 964 4532 personam
991 4437 1221 4510 sanctissimi
1249 4436 1293 4511 D.
1314 4437 1361 4511 N.
1382 4435 1508 4533 Papae
1528 4438 1736 4511 machinati
1754 4439 1891 4511 essent.
1912 4433 2010 4509 Sunt
2038 4435 2105 4530 qui

673 4579 790 4653 aliam
818 4600 973 4653 causam
1001 4581 1183 4676 capturae
1203 4580 1396 4675 assignare
1416 4579 1570 4671 vellent,
1592 4602 1723 4656 verum
1744 4578 1946 4654 cardinalis
1974 4601 2106 4654 senen·

672 4723 723 4795 sis
751 4722 818 4817 qui
846 4744 892 4795 ex
919 4722 1046 4817 patria
1072 4744 1143 4795 sua
1170 4722 1280 4795 simul
1301 4743 1387 4795 cum
1407 4721 1527 4795 l’retre
1545 4724 1587 4794 et
1607 4721 1753 4794 familia
1773 4743 1842 4794 sua
1860 4719 1965 4794 exsul
1984 4719 2108 4794 factus

672 4860 811 4948 fuerat,
840 4863 881 4933 et
907 4861 1012 4954 prius
1053 4861 1101 4932 ab
1130 4860 1223 4933 urbe
1245 4847 1469 4954 ¹aufugerat
1496 4861 1765 4935 reconciliatus
1797 4883 1884 4935 cum
1924 4859 2109 4934 Pontifice

672 5021 847 5075 reversus
875 5003 971 5074 erat.
1001 4998 1239 5095 Quamquam
1266 5022 1357 5074 vero
1382 4998 1482 5073 idem
1515 4999 1719 5073 cardinalis
1747 4999 1913 5074 senensis
1939 4999 2108 5074 infensus

672 5138 851 5214 Pontifici
878 5141 979 5214 esset
1007 5139 1108 5233 quod
1135 5139 1375 5214 Franciscum
1404 5141 1564 5214 Mariam
1593 5141 1683 5213 olim
1713 5139 1846 5214 ducem
1868 5141 2004 5213 Urbini
2031 5139 2109 5213 bel·

671 5282 900 5376 ligerantem
920 5285 1054 5355 contra
1071 5280 1293 5356 Pontificem
1310 5282 1530 5370 adiuvisset,
1545 5282 1649 5379 Papa
1663 5285 1821 5379 paratus
1835 5288 1919 5357 erat
1933 5281 2108 5356 eumdem

671 5424 711 5498 in
739 5424 905 5520 gratiam
931 5414 1109 5524 recipere,
1138 5427 1360 5520 praesertim
1389 5425 1563 5522 precibus
1585 5428 1627 5500 et
1655 5425 1876 5503 interventu
1904 5425 2107 5503 cardinalis
