4948 6368
859 642 894 692 ιι,
916 641 1032 691 ornare
1054 642 1090 689 or
1113 640 1197 690 aare
1219 639 1332 690 saona
1354 639 1386 689 x.
1804 615 1846 686 ‘lt

512 867 583 946 Die
611 864 763 943 sabbati
791 861 938 941 decima
964 849 1074 939 sexte
1086 861 1188 960 julii,
1208 859 1431 936 intimatum
1450 861 1510 936 est
1535 858 1631 936 mihi
1658 884 1704 937 ex
1732 863 1843 958 parte
1871 861 1934 922 ror
1952 863 2007 922 876
2024 881 2048 922 r·

406 1005 472 1088 SS.
492 1013 539 1086 D.
559 1011 606 1086 N.
636 1013 682 1085 ut
709 1031 881 1086 curarem
908 1007 1026 1082 funus
1052 1005 1088 1080 d.
1108 1005 1297 1082 Francisci
1316 1006 1408 1082 (libo
1427 1006 1548 1104 petris
1575 1005 1778 1082 cardinalis
1798 1003 1845 1080 de

403 1154 495 1229 (libo
511 1152 607 1246 (54).
628 1152 719 1228 Fuit
732 1153 868 1248 parata
882 1149 1082 1248 sepultura
1097 1149 1137 1223 in
1153 1173 1182 1224 s.
1199 1151 1328 1242 Petro,
1343 1149 1410 1225 ubi
1424 1150 1670 1227 Innocentius
1685 1152 1844 1226 octavus

399 1296 517 1391 jacet,
546 1299 588 1370 et
613 1294 686 1370 feci
712 1293 879 1369 invitare
906 1315 1061 1368 omnem
1084 1293 1230 1368 clerum
1250 1315 1335 1368 cum
1355 1294 1546 1369 canonicis
1564 1292 1756 1368 basilicae.
1779 1292 1843 1366 In·

402 1438 623 1514 terfuerunt
640 1437 755 1511 multi
774 1435 937 1534 praelati
957 1435 998 1509 in
1017 1434 1218 1512 Belvidere
1248 1435 1313 1509 ubi
1332 1436 1412 1533 ipse
1427 1433 1603 1510 dominus
1618 1433 1841 1511 Francisous

402 1585 579 1658 mortuus
606 1583 701 1658 erat.
730 1580 788 1656 De
814 1578 1018 1656 Belvidere
1058 1577 1228 1654 discessit
1255 1601 1394 1675 pompe
1420 1601 1488 1676 per
1514 1577 1684 1654 medium
1716 1575 1841 1653 latum

402 1726 537 1803 cortile
565 1725 631 1800 ubi
659 1726 719 1803 est
745 1723 831 1800 fons
859 1723 900 1798 in
928 1723 1043 1821 pleno
1070 1719 1239 1815 inferior,
1267 1724 1308 1797 et
1334 1720 1474 1797 ivimus
1501 1723 1604 1797 recte
1637 1720 1686 1795 ad
1722 1722 1843 1798 scales

400 1891 430 1944 s.
459 1867 581 1961 Petri,
597 1870 639 1945 et
665 1866 706 1942 in
734 1867 945 1965 cappellam
973 1889 1004 1942 s.
1033 1864 1209 1942 Andreae
1235 1863 1395 1962 ingressi
1423 1863 1640 1941 audivimus
1663 1863 1843 1941 levitates

401 2011 602 2110 cujusdam
628 2010 734 2109 galli,
750 2010 817 2109 qui
844 2033 932 2087 cum
960 2032 1008 2087 ex
1036 2009 1230 2086 brevitate
1256 2009 1439 2107 temporis
1458 2031 1535 2084 non
1552 2009 1741 2108 potuisset
1763 2031 1840 2086 ser·

400 2179 556 2236 monem
574 2155 697 2234 menti
715 2154 900 2232 mandare
918 2155 1028 2231 illum
1047 2153 1154 2252 legit,
1172 2153 1316 2253 partim
1334 2150 1556 2230 memoriter
1573 2151 1737 2252 protulit
1754 2175 1841 2230 cum

401 2303 526 2378 multo
555 2300 792 2378 adstantium
821 2301 914 2376 risu.
951 2293 953 2298 ’

505 2590 612 2685 Papa
640 2611 687 2666 ex
714 2588 873 2665 consilio
901 2588 1190 2666 caeremoniarii
1218 2591 1390 2664 oratores
1418 2589 1661 2688 imperatoris
1688 2589 1843 2688 rogavit
1867 2599 1961 2662 lora
1979 2621 2003 2662 r.

400 2732 446 2806 ut
459 2729 539 2828 ipse
552 2730 786 2807 laudabilem
805 2731 1119 2810 consuetudinem
1140 2734 1314 2808 servaret
1332 2731 1571 2830 significandi
1584 2731 1713 2830 Papae
1730 2756 1840 2809 suam

399 2875 636 2966 electionem,
653 2877 694 2950 et
720 2874 835 2949 simul
862 2875 1068 2972 sponderet
1086 2897 1127 2952 se
1145 2876 1244 2952 velle
1264 2877 1464 2973 protegere
1482 2897 1527 2951 ac
1546 2874 1748 2952 defendere
1765 2875 1841 2950 Ro·

399 3041 554 3092 menam
563 3017 784 3109 Ecclesiam,
794 3041 882 3092 cum
892 3017 1000 3114 Papa
1010 3020 1051 3093 et
1063 3017 1274 3116 imperator
1289 3018 1369 3093 sint
1382 3017 1458 3094 duo
1472 3018 1680 3093 luminaria
1693 3017 1839 3094 mundi.

398 3159 449 3234 Et
462 3181 597 3236 revere
619 3159 680 3236 die
700 3160 817 3235 lunae
836 3159 1123 3237 decimuoctavu
1138 3159 1240 3256 julii,
1260 3163 1432 3238 oratores
1451 3163 1749 3261 praesentarunt
1766 3161 1839 3236 Pa·

399 3324 470 3399 pae
496 3303 629 3377 literas
657 3302 707 3377 ed
734 3302 1007 3399 imperatorem
1035 3303 1259 3378 destinates.
1285 3301 1439 3379 Interea
1467 3303 1623 3379 Parides
1642 3303 1841 3400 proposuit

399 3443 491 3543 quid
518 3443 662 3521 Romae
690 3447 791 3521 esset
818 3445 1008 3542 agendum
1040 3468 1109 3544 pro
1136 3445 1254 3544 signis
1281 3444 1455 3522 laetitiae
1475 3446 1624 3522 dandis:
1645 3449 1839 3523 statutum

399 3587 521 3685 igitur
547 3587 624 3663 fuit
651 3590 697 3663 ut
724 3589 765 3663 in
794 3592 879 3665 toto
906 3589 1089 3667 vaticano
1117 3591 1213 3667 etin
1232 3592 1357 3668 castro
1374 3615 1405 3668 s.
1424 3589 1575 3689 Angeli,
1601 3594 1642 3668 et
1662 3591 1840 3668 universe

399 3730 493 3804 urbe
520 3731 665 3806 Romae
692 3753 776 3806 sero
804 3735 846 3806 et
872 3733 1040 3808 crastino
1068 3756 1154 3810 cum
1184 3733 1331 3828 sclopis,
1351 3732 1515 3830 ignibus,
1538 3733 1757 3829 vaporibus,
1781 3733 1838 3831 gi·

397 3871 580 3963 randulis,
608 3872 724 3963 sonis,
753 3871 948 3969 timpanis,
976 3872 1197 3950 bombardis
1217 3873 1474 3950 celebraretur
1501 3874 1650 3952 electio.
1675 3873 1840 3952 Basilice

397 4038 426 4090 s.
443 4013 548 4092 Petri
569 4015 821 4092 luminaribus
850 4019 891 4094 et
910 4039 1179 4115 campanarum
1210 4017 1341 4096 sonitu
1368 4019 1470 4095 idem
1497 4019 1653 4114 faceret,
1674 4022 1715 4097 et
1733 4019 1837 4098 simi·

395 4157 485 4234 liter
512 4157 702 4258 hospitale
731 4181 760 4235 s.
790 4158 956 4256 Spiritus
985 4161 1025 4235 in
1054 4161 1180 4238 Seria.
1220 4163 1358 4242 Omnes
1390 4163 1496 4240 urbis
1532 4163 1711 4242 ecclesiae
1744 4163 1837 4241 inci·

398 4302 536 4400 piendo
556 4328 581 4379 a
598 4304 833 4382 lateranensi
857 4307 1016 4385 basilica
1034 4305 1212 4384 similiter
1230 4308 1421 4387 laetitiam
1440 4309 1679 4410 praeferrent
1696 4312 1779 4386 tam
1797 4309 1838 4386 in

397 4449 592 4548 campanis
620 4473 737 4548 quam
763 4451 804 4526 in
830 4450 996 4550 hymnis.

503 4735 640 4814 Omnes
659 4738 764 4813 urbis
779 4737 977 4836 principes,
992 4739 1166 4832 barones,
1187 4739 1300 4834 cives,
1319 4739 1569 4837 magistratus
1587 4741 1668 4816 tam
1688 4743 1838 4842 publice
1863 4775 1885 4839 f,
1902 4773 1958 4836 300
1974 4791 1998 4836 r.

397 4899 513 4974 quam
543 4881 696 4974 private
724 4879 932 4956 laetentur.
963 4879 1178 4978 Campanae
1205 4880 1376 4976 capitolii
1394 4879 1517 4956 simile
1536 4880 1702 4957 officium
1731 4885 1837 4960 iesti-
1877 4895 1884 4911 ·

397 5017 498 5094 viter
516 5017 673 5112 iaciant,
693 5023 848 5096 senator
861 5021 1010 5118 aliquos
1029 5026 1243 5100 carceratos
1256 5024 1404 5099 liberet.
1420 5023 1650 5102 Mercatores
1665 5049 1709 5102 ex
1728 5029 1833 5104 omni

394 5159 551 5236 natione
580 5162 619 5236 in
639 5163 735 5237 urbe
754 5167 1032 5242 commorantes
1053 5164 1268 5242 invitentur
1289 5169 1333 5241 ut
1352 5167 1583 5264 collegiatim
1599 5169 1831 5248 festivicent.

396 5299 468 5378 Per
495 5303 647 5398 publica
675 5304 926 5383 bonnimenta
954 5309 1130 5385 omuibus
1158 5309 1325 5408 collegiis
1366 5310 1591 5410 artificibus,
1635 5315 1832 5412 operariis,
1953 5279 1956 5286 ,

394 5447 671 5525 mercatoribus
700 5472 745 5526 eo
771 5451 1014 5529 mercenariis
1041 5454 1186 5532 festum
1214 5454 1285 5532 hoc
1311 5455 1496 5534 celebrari
1522 5457 1729 5536 mandetur
1760 5459 1832 5536 sub
