4948 6368
866 671 900 717 lla
923 671 1037 718 ornato
1061 671 1097 716 1³1
1119 669 1203 718 ΡΔΡΑ
1227 669 1339 716 ΒΕΟΠΕ
1362 669 1394 715 1·

824 1452 830 1464 “
926 1477 975 1578 Α
1005 1533 1014 1552 ·
1043 1473 1350 1578 Monuni

526 1903 597 1976 Die
625 1902 774 1977 veneris
817 1902 1101 1998 decimaquinta
1138 1901 1307 1997 januarii
1348 1899 1426 1974 init
1465 1900 1643 1976 habitum
1677 1899 1859 1974 consisto·
1886 1905 1942 1963 rol
1968 1905 2022 1962 Μ
2040 1923 2063 1961 r·

420 2045 520 2119 rium
560 2045 753 2140 publicum
782 2068 851 2140 pro
883 2045 1112 2119 admissione
1148 2041 1453 2120 reverendissimi
1490 2041 1635 2117 domini
1662 2041 1861 2117 Laurentii
1937 2128 1942 2135 .

420 2186 611 2260 feltrensis
638 2184 748 2260 tituli
774 2208 803 2259 s.
838 2185 1006 2259 Thomae
1039 2184 1079 2256 in
1112 2152 1290 2278 parione*
1321 2183 1530 2280 presbyteri
1575 2181 1778 2257 cardinalis
1814 2181 1861 2258 de

424 2327 629 2425 Campegio
670 2306 941 2419 bononiensis(
967 2325 1231 2422 praesentibus
1269 2323 1309 2398 in
1340 2323 1564 2400 consistorio
1605 2323 1861 2399 cardinalibus

422 2496 580 2549 numero
608 2472 929 2570 trigintaseptem.
959 2473 1004 2546 ln
1031 2495 1077 2548 eo
1105 2471 1263 2546 fuerunt
1290 2470 1390 2545 duae
1416 2468 1699 2545 commissiones
1726 2492 1862 2567 propo-

418 2617 530 2728 sitae,
547 2619 671 2714 prima
698 2639 767 2713 per
794 2617 984 2694 Joannem
1013 2617 1229 2715 Baptistam
1258 2615 1305 2691 de
1332 2613 1451 2708 Senis,
1467 2618 1509 2690 et
1535 2615 1660 2689 altera
1681 2637 1749 2712 per
1767 2615 1860 2692 llel·

420 2761 587 2837 ahionem
618 2759 883 2835 Baldassinum
903 2761 969 2858 qui
998 2761 1055 2835 ita
1083 2761 1280 2857 eleganter
1307 2759 1520 2857 proposuit,
1544 2761 1591 2834 ut
1618 2760 1667 2835 ab
1686 2759 1863 2836 omnibus

421 2903 540 2978 fuerit
565 2901 864 2978 commendatus.

529 3187 575 3261 In
603 3185 665 3260 die
684 3185 966 3261 Purificationis
986 3186 1178 3262 celebrata
1196 3185 1273 3260 fuit
1290 3185 1407 3261 missa
1424 3185 1465 3260 in
1483 3185 1665 3284 cappella,
1680 3185 1860 3263 assisten-
1888 3207 1909 3265 r.
1928 3207 1983 3264 au
2001 3223 2030 3264 v.

422 3330 528 3407 tibus
557 3329 813 3406 cardinalibus
832 3333 874 3407 et
894 3329 1112 3406 oratoribus
1130 3329 1355 3427 principum,
1375 3329 1514 3428 quibus
1541 3329 1718 3407 omnibus
1746 3331 1862 3408 datae

422 3477 514 3550 sunt
539 3474 668 3571 plures
695 3472 858 3549 faculae.
887 3472 1032 3550 Deinde
1060 3473 1100 3547 in
1126 3471 1230 3570 logia
1264 3473 1391 3569 plures
1419 3473 1595 3550 candelas
1623 3473 1730 3550 dedit
1756 3474 1861 3573 Papa

421 3619 574 3716 populo.

530 3901 602 3976 Die
629 3893 780 3977 venori's
807 3900 944 3996 quinta
971 3899 1164 3976 februarii·
1181 3901 1358 3976 mortuns
1385 3905 1445 3978 est
1471 3899 1693 3978 Franciscus
1720 3901 1863 3977 Romu·
1890 3918 1911 3977 r.
1928 3918 1983 3976 aro
2000 3935 2024 3975 r.
2128 3981 2135 3997 ,

422 4045 523 4122 linus
550 4043 755 4122 cardinalis
782 4043 1024 4122 surrentinus
1042 4044 1240 4144 episcopus
1267 4043 1494 4140 albanensis,
1519 4043 1676 4123 natione
1691 4045 1862 4122 cathale·

424 4215 507 4284 nus,
536 4191 672 4267 doctus
699 4190 738 4265 in
765 4189 901 4281 literis,
929 4189 969 4264 in
998 4189 1202 4266 mundanis
1230 4213 1347 4288 sagax
1375 4191 1416 4266 et
1443 4191 1621 4288 prudens.
1650 4189 1696 4264 ln
1722 4189 1864 4288 episco-

421 4340 515 4435 patu
544 4337 626 4434 ejus
654 4335 850 4411 allianonsi
878 4336 1057 4412 successit
1084 4335 1419 4412 reverendissimus
1446 4335 1624 4413 dominus
1661 4335 1864 4414 cardinalis

423 4481 469 4556 de
489 4481 609 4574 Fisco,
625 4484 690 4579 qui
710 4481 772 4556 <lie
791 4482 906 4558 lunae
934 4485 1072 4558 octava
1099 4481 1285 4559 fabruarii
1305 4484 1429 4560 lactus
1457 4484 1516 4559 est
1535 4484 1732 4581 episcopus
1759 4482 1865 4560 elba-

424 4626 561 4716 nensis,
591 4625 658 4720 qui
686 4625 823 4700 ductus
851 4627 910 4699 est
937 4647 962 4697 a
988 4626 1114 4699 castro
1142 4625 1265 4700 sancti
1293 4626 1430 4722 Angeli
1458 4625 1524 4700 ubi
1557 4624 1651 4698 illud
1680 4625 1864 4700 consisto-

423 4767 522 4842 rium
550 4767 727 4843 babitum
755 4770 815 4844 est
841 4767 890 4843 ad
918 4767 1029 4844 aedes
1057 4791 1145 4844 suas
1173 4792 1197 4844 a
1224 4769 1383 4867 collegio
1411 4769 1675 4846 cardinalium.

503 5099 507 5108 ·
530 5053 601 5128 Die
629 5052 940 5151 decimoseptima
968 5053 1138 5129 februari
1166 5057 1253 5150 post
1280 5053 1448 5129 officium
1476 5055 1659 5146 cinerum,
1688 5053 1736 5128 ad
1761 5054 1863 5150 quod
1889 5079 1911 5138 r,
1929 5079 1981 5134 aar
2002 5097 2026 5135 r.

424 5198 529 5294 Papa
559 5197 666 5273 venit
693 5195 879 5292 pedester,
896 5198 941 5270 ut
955 5217 1103 5293 semper
1130 5197 1240 5290 solet,
1267 5195 1391 5292 major
1418 5195 1737 5292 poenitentiarius
1765 5197 1861 5272 cele·

422 5338 618 5415 travitin
646 5339 881 5436 paramentis
908 5339 1030 5430 novis,
1060 5363 1159 5437 quae
1188 5339 1293 5436 Papa
1312 5338 1472 5414 donavit
1499 5339 1691 5437 cappellae
1720 5339 1861 5436 papali.

424 5481 562 5558 Orator
587 5481 828 5558 bononiensis
856 5505 995 5580 aquarn
1024 5483 1200 5557 manibus
1229 5481 1475 5566 ministravit.
