4888 6366
802 718 836 763 ιι,
858 715 973 764 umaro
996 715 1138 763 arrasa
1161 713 1273 761 nuorvu
1296 714 1328 761 x.
1745 689 1790 757 46

354 961 378 1012 a
406 940 510 1034 Papa
536 937 732 1033 respondit
759 959 827 1012 suo
842 936 986 1034 judicio
1006 937 1141 1014 melius
1160 938 1361 1014 convenire
1393 936 1615 1033 imperatori
1638 939 1789 1034 spatam

355 1107 470 1180 quam
498 1106 636 1174 rosam,
665 1084 756 1179 quia
783 1083 861 1178 ipse
889 1081 1027 1158 Caesar
1067 1084 1161 1157 satis
1192 1082 1454 1158 declaraverat
1480 1065 1521 1156 in
1549 1081 1638 1178 ipsis
1666 1079 1790 1155 literis

355 1251 453 1325 quae
481 1229 602 1304 lectae
630 1228 789 1302 luerunt
815 1227 855 1301 in
882 1226 1041 1303 concilio
1069 1247 1109 1300 se
1143 1225 1321 1301 alacriter
1359 1224 1457 1300 velle
1489 1227 1624 1300 contra
1661 1226 1791 1299 turcas

356 1393 539 1467 pugnare.
568 1371 825 1445 Nihilominus
855 1371 960 1466 Papa
989 1368 1085 1444 dixit
1112 1369 1184 1444 huc
1210 1390 1323 1464 super
1350 1389 1391 1443 re
1417 1367 1682 1443 consulturum
1710 1387 1790 1442 car·

356 1529 514 1622 dinales,
544 1531 699 1606 etcum
727 1529 782 1604 eis
809 1527 1123 1604 deliberaturum.

461 1819 506 1893 In
534 1818 594 1894 die
621 1816 901 1908 Annuntiatae,
916 1817 1022 1913 Papa
1041 1815 1232 1913 equitavit
1259 1815 1308 1888 ad
1336 1815 1532 1892 ecclesiam
1556 1814 1602 1889 de
1619 1813 1793 1888 Minerva
1819 1807 1882 1866 sol.
1900 1809 1955 1866 2⁰⁴
1973 1826 1996 1867 r.

355 1982 420 2058 per
448 1961 550 2035 vium
572 1961 663 2034 ante
681 1982 710 2034 s.
726 1957 984 2056 Augirstinum
1013 1961 1053 2034 et
1080 1960 1185 2033 recta
1213 1957 1260 2032 ad
1281 1959 1384 2035 viam
1400 1982 1429 2034 a.
1449 1957 1711 2055 Magdalenae‚
1739 1955 1794 2032 sic

356 2103 582 2178 ducentibus
597 2101 790 2198 magistris
805 2104 1017 2176 stratarum
1034 2103 1117 2194 (45)
1134 2106 1174 2177 et
1188 2103 1519 2178 conservatoribus
1538 2102 1653 2176 urbis.
1669 2099 1792 2196 Siqui-

356 2246 440 2319 dem
459 2244 578 2342 pridie
598 2244 824 2320 mandatum
846 2244 984 2334 fuerat,
1006 2243 1110 2339 Papa
1126 2244 1298 2340 jubente,
1320 2248 1365 2318 ut
1384 2243 1430 2316 ad
1450 2242 1671 2340 hujusmodi
1689 2242 1792 2338 equi·

356 2389 523 2464 tationes
550 2388 715 2484 papales,
744 2390 1030 2464 conservatores
1059 2388 1163 2464 urbis
1190 2410 1267 2462 non
1295 2387 1465 2478 veniant,
1494 2386 1560 2462 sed
1577 2386 1795 2462 discurrant

356 2531 404 2604 ad
432 2533 584 2606 viarum
605 2533 732 2626 capita
751 2531 959 2607 secundum
979 2531 1179 2626 antiquam
1199 2529 1524 2606 consuetudinem.
1545 2530 1591 2604 In
1610 2531 1685 2605 line
1704 2530 1792 2603 mis·

355 2694 420 2747 sae
434 2672 584 2767 puellae
603 2673 794 2746 venerunt
811 2694 879 2766 pro
900 2673 1142 2768 eleemosyna
1155 2672 1204 2744 ad
1220 2671 1364 2767 Papam
1379 2673 1444 2766 qui
1458 2672 1651 2746 festiviter
1670 2672 1791 2745 omni·

356 2811 424 2886 bus
443 2835 513 2886 sua
528 2811 723 2909 marsupia
743 2812 859 2889 dedit.
880 2813 1056 2903 Posthac,
1077 2812 1347 2899 inchoantibus
1366 2813 1517 2909 pluviis,
1538 2814 1792 2911 Peparever·

355 2979 418 3031 sus
446 2957 505 3032 est
533 2955 581 3029 ad
611 2955 799 3052 palatium
826 2979 894 3054 per
922 2931 1025 3032 viam
1054 2955 1186 3054 Campi
1213 2957 1360 3032 Florae.

460 3241 572 3318 Faria
600 3241 738 3338 quinta
764 3242 805 3317 in
833 3243 959 3319 Ooena
987 3243 1141 3319 Domini
1168 3243 1391 3320 inchoatum
1420 3247 1480 3321 est
1507 3243 1675 3322 officium
1698 3243 1795 3318 hora
1821 3247 1841 3306 f·
1860 3247 1915 3305 2⁰⁸
1934 3263 1963 3304 v.

355 3385 653 3484 decimaquarta.
670 3385 881 3462 cardinalis
901 3387 1104 3463 (trimanus
1123 3388 1320 3485 episcopus
1339 3387 1557 3483 portuensis
1585 3387 1795 3464 celebravit

355 3527 510 3604 missam
538 3552 643 3605 more
672 3531 798 3607 solito.
828 3531 968 3608 Postea
986 3532 1082 3608 itum
1104 3535 1163 3609 est
1182 3556 1268 3609 cum
1289 3531 1535 3609 Sacramento
1563 3533 1611 3608 ad
1636 3555 1795 3630 parvam

354 3675 576 3770 cappellam.
605 3675 698 3749 Inde
726 3677 832 3773 Papa
861 3677 1013 3752 delatus
1037 3678 1154 3752 estin
1173 3676 1262 3752 sede
1290 3678 1362 3752 sub
1395 3678 1643 3754 baldacchino
1672 3678 1720 3753 ad
1738 3679 1793 3754 lo·

352 3818 453 3913 giam
483 3819 524 3891 et
551 3818 604 3891 ibi
632 3821 793 3894 mutatis
820 3820 1002 3912 vestibus,
1032 3819 1179 3914 excepit
1206 3819 1418 3894 cardinales
1445 3820 1494 3894 ad
1521 3823 1792 3896 reverentiam.

353 3957 450 4032 Tarm
479 3958 683 4034 cardinalis
711 3959 804 4035 cibo
831 3959 928 4054 legit
945 3960 1092 4035 bullum
1110 3961 1152 4050 iu
1170 3962 1323 4058 vulgari
1349 3965 1391 4036 et
1409 3961 1445 4037 d.
1474 3962 1719 4037 Hieronimus
1737 3984 1793 4037 se·

353 4099 480 4172 nensis
508 4099 547 4172 in
575 4098 710 4190 latino,
725 4104 765 4175 et
788 4105 944 4176 servata
963 4105 1055 4177 sunt
1073 4104 1201 4178 omnia
1219 4104 1345 4196 solita,
1365 4107 1407 4178 et
1426 4103 1629 4180 cardinalis
1649 4105 1696 4181 de
1715 4105 1792 4180 Me·

354 4241 447 4316 dicis
473 4243 803 4319 vicecancellarius
830 4246 1005 4322 cantavit
1031 4249 1284 4344 evangelium,
1314 4249 1356 4323 et
1383 4249 1489 4344 Papa
1516 4250 1614 4326 lavit
1641 4250 1766 4346 pedes.

461 4529 531 4607 Die
569 4532 717 4610 veneris
759 4534 893 4624 sancti,
932 4534 1028 4608 hora
1060 4535 1169 4632 quasi
1212 4531 1509 4631 decimaquarta,
1548 4534 1653 4631 Papa
1687 4537 1796 4612 venit
1821 4530 1842 4588 f.
1861 4529 1915 4590 20⁷
1934 4544 1957 4582 Γ·

354 4699 440 4750 cum
481 4678 738 4755 cardinalibus
776 4679 993 4757 decemocto
1027 4684 1069 4755 et
1106 4679 1289 4778 praelatis
1328 4679 1619 4776 quinquaginta,
1656 4685 1697 4757 et
1738 4681 1794 4755 l·

352 4820 457 4893 etum
487 4823 546 4895 est
563 4822 729 4897 officium
750 4845 855 4898 more
886 4823 1013 4898 solito.
1044 4823 1150 4919 Papa
1178 4820 1323 4896 obtulit
1350 4821 1631 4917 quinquaginta
1659 4847 1795 4900 aureos

354 4981 483 5051 novos,
500 4965 541 5037 et
554 4963 686 5039 leones
711 4965 793 5056 (46)
810 4965 890 5039 sive
914 4966 1036 5062 julios
1051 4967 1217 5041 centum.
1234 4964 1278 5038 In
1292 4966 1378 5038 toto
1393 4962 1552 5037 fuerunt
1569 4963 1700 5038 ducati
1728 4988 1795 5039 no·

353 5103 513 5197 nagiuta
541 5104 721 5200 quinque,
750 5110 903 5201 praeter
939 5106 1171 5182 monetalem
1203 5105 1400 5202 pecuniam
1429 5105 1539 5200 quasi
1566 5106 1794 5183 ducatorum

353 5246 485 5321 trium.
