4970 6352
634 573 674 637 16
1184 592 1309 638 ramus
1335 593 1379 638 ns
1402 593 1517 639 orassr

438 817 501 876 rol.
519 818 555 874 ea
573 835 601 876 v.
738 810 808 885 Die
835 809 987 886 sabbati
1014 811 1215 886 undecima
1241 811 1371 884 martii
1390 811 1650 886 anniversaria
1677 811 1898 886 solemnitas
1913 813 2064 886 eloctio-

496 4939 613 4996 titt.

630 954 690 1028 nis
717 953 853 1027 Leonis
880 954 1054 1029 recurrit.
1074 953 1119 1028 In
1148 975 1194 1030 ea
1222 954 1337 1030 missa
1364 954 1410 1029 de
1438 953 1582 1050 Spiritu
1605 954 1744 1030 Sancto
1772 955 1964 1030 celebrata
1992 957 2067 1031 fuit

631 1117 698 1190 per
724 1095 955 1172 cardinalem
982 1101 1204 1172 sanctorum
1231 1096 1414 1183 Quatuor.
1443 1095 1489 1170 In
1517 1096 1591 1171 fine
1618 1097 1766 1188 missae,
1797 1095 1901 1192 Papa
1928 1096 1994 1192 qui
2019 1095 2068 1169 ad

631 1235 841 1331 cappellam
869 1238 1039 1326 venerat,
1072 1235 1257 1311 concessit
1288 1234 1568 1332 indulgentiam
1595 1237 1748 1310 tantum
1777 1237 1923 1329 septem
1950 1256 2067 1309 unno-

631 1400 731 1452 rum.
759 1378 897 1453 Adfuit
923 1377 963 1451 in
990 1377 1161 1474 cappella
1188 1377 1367 1454 Julianus
1394 1378 1585 1454 Mediceus
1613 1381 1733 1453 frater
1761 1377 1898 1473 Papae.

575 1668 603 1706 v.
739 1658 810 1730 Dio
837 1658 1025 1732 dominica
1059 1659 1281 1732 duodecima
1317 1657 1447 1730 martii
1475 1661 1554 1731 tres
1583 1663 1753 1732 oratores
1788 1659 1888 1753 regis
1931 1657 2068 1730 Portu·

632 1795 772 1891 galliae
813 1787 1052 1870 advenerunt
1078 1816 1206 1870 secum
1247 1793 1459 1869 deferentes
1500 1818 1588 1869 raro
1619 1799 1660 1870 et
1693 1796 1858 1892 pretiosa
1899 1817 2068 1884 munera,

634 1935 811 2011 videlicet
837 1935 1079 2030 elephantem
1109 1935 1192 2025 (26)
1222 1932 1402 2024 indicum,
1423 1938 1464 2008 et
1491 1935 1629 2010 lincam
1656 1957 1723 2009 seu
1742 1934 1929 2010 vocabulo
1949 1935 2069 2028 magis

633 2077 785 2170 proprio
813 2075 1053 2170 pantheram,
1073 2095 1117 2148 ac
1145 2076 1369 2168 paramenta
1397 2075 1649 2148 ecclesiastica
1676 2076 1834 2169 gemmis
1862 2080 1904 2149 et
1921 2099 2069 2170 margu-

633 2216 719 2290 ritis
747 2216 896 2288 ornata.
940 2213 1125 2299 Quicum
1167 2217 1283 2288 antea
1319 2214 1441 2290 veluti
1481 2219 1627 2290 secreto
1660 2217 1818 2310 ingressi
1858 2219 1899 2289 in
1937 2219 2071 2288 urbem

635 2356 807 2444 fuissent,
836 2353 1061 2426 insedibus
1089 2351 1190 2448 apud
1227 2356 1379 2427 sanctos
1414 2353 1617 2448 Apostolos
1644 2356 1923 2444 remanserunt,
1952 2355 2072 2428 donec

635 2496 738 2571 dicta
765 2493 827 2570 die
855 2515 940 2568 cum
969 2483 1108 2590 rosigno
1137 2495 1326 2590 apparatu
1353 2495 1599 2591 procedentes
1616 2495 1814 2568 intrarunt
1831 2516 1898 2590 per
1920 2501 2071 2591 portam

635 2634 834 2714 Belvidere
858 2633 958 2710 idest
976 2635 1112 2712 vineae
1129 2635 1288 2731 papalis.
1303 2633 1349 2708 ln
1369 2655 1415 2710 ea
1433 2657 1573 2731 pompa
1600 2605 1901 2731 conspiciebatur
1920 2637 2072 2710 araldus

637 2800 756 2852 aurea
784 2781 894 2852 veste
922 2775 1080 2850 indutus
1108 2799 1195 2851 cum
1222 2777 1405 2852 tubarum
1432 2777 1561 2852 sonitu
1589 2777 1812 2874 praecedere
1831 2777 2071 2874 elephantem

636 2924 702 3021 qui
730 2923 880 3000 serebat
907 2945 1058 3020 capsam
1100 2923 1269 3020 undique
1309 2927 1526 3022 coopertam
1554 2945 1671 2999 aureo
1699 2923 1817 3020 pollio
1845 2922 1893 2998 sd
1930 2927 2071 3000 terrum

639 3087 759 3180 usque
787 3064 962 3156 demisso,
991 3064 1032 3137 io
1059 3084 1135 3159 quo
1161 3085 1291 3140 sacrae
1318 3067 1359 3139 et
1384 3065 1572 3160 pretiosae
1599 3065 1865 3160 suppelectiles
1884 3067 2073 3160 repositae

637 3210 761 3286 erant.
790 3207 906 3281 Missa
933 3209 1067 3280 autem
1108 3205 1263 3281 fuerant
1289 3206 1418 3280 omniu
1459 3204 1611 3280 donna
1649 3227 1737 3300 rege
1771 3203 1838 3279 illo
1866 3203 1915 3278 ad
1942 3203 2073 3280 Ponti-

637 3354 745 3428 ficem
772 3372 842 3446 pro
883 3348 1106 3424 testimonio
1133 3347 1180 3422 de
1217 3349 1297 3421 suis
1338 3348 1508 3425 victoriis
1537 3351 1671 3422 contra
1698 3346 1806 3420 indos
1838 3352 1879 3422 et
1905 3349 2075 3423 infideles

637 3489 781 3564 relatis.
811 3488 917 3583 Papa
944 3507 1136 3560 unacum
1174 3484 1429 3559 cardinalibus
1456 3487 1583 3579 regiae
1620 3487 1902 3559 munificentiae
1929 3491 2073 3581 specta-

638 3631 767 3706 culum
794 3629 894 3705 vidit
920 3649 942 3703 e
968 3631 1094 3702 castro
1122 3649 1151 3702 s.
1181 3627 1329 3721 Angeli.

604 3974 610 3989 .
746 3912 841 3987 (lum
868 3913 1081 3986 recurreret
1107 3909 1147 3982 in
1175 3908 1363 3985 dominica
1389 3911 1507 3985 tertia
1541 3911 1833 4008 quadragesima
1860 3915 1939 3991 dies
1967 3915 2074 3990 anni·

641 4057 809 4132 versaris
836 4054 1093 4130 coronationis
1121 4053 1268 4143 Leonis,
1298 4056 1338 4126 in
1367 4056 1536 4150 cappella
1564 4055 1757 4130 celebrata
1784 4059 1861 4132 fuit
1888 4060 2002 4132 missa
2030 4059 2076 4133 do

641 4199 830 4276 dominica
857 4221 924 4295 per
950 4196 1182 4274 cardinalem
1209 4221 1239 4272 s.
1255 4197 1408 4272 llusebii
1426 4221 1513 4274 cum
1532 4203 1891 4279 commemoratione
1918 4202 1965 4278 de
1993 4202 2073 4302 Spl-

641 4348 719 4420 ritu
749 4343 888 4420 Sancto
916 4347 958 4420 et
985 4344 1032 4421 de
1050 4343 1167 4440 Papa.
1187 4342 1452 4418 Interfuerunt
1470 4345 1680 4421 cardinales
1699 4368 1785 4421 cum
1805 4349 1933 4446 cappis
1952 4349 2076 4424 rubris

641 4489 741 4566 sicut
768 4489 808 4566 in
836 4489 897 4567 die
924 4487 1129 4567 electionis,
1157 4485 1288 4565 Sermo
1315 4487 1391 4564 luit
1417 4489 1583 4586 habitus,
1602 4493 1643 4568 et
1666 4490 1903 4591 indulgentia
1930 4497 2072 4593 saputem

641 4658 831 4712 annorum
857 4655 1044 4710 concessa.

748 4917 820 4994 Die
847 4918 963 4994 lunae
980 4916 1164 5014 vigesima
1184 4917 1315 4992 martii
1333 4917 1409 4992 luit
1427 4915 1693 4993 consistorium
1716 4921 1909 5016 publicum
1928 4919 1968 4994 in
1987 4918 2079 4993 aula

641 5061 762 5156 regali
789 5082 857 5156 pro
877 5061 1096 5135 obedientis
1114 5060 1212 5154 regis
1232 5061 1504 5155 Portugalliae‚
1524 5084 1640 5157 quam
1659 5063 1742 5156 ejus
1769 5067 1942 5137 oratores
1968 5062 2079 5136 iuxta

644 5219 791 5273 morem
818 5200 1104 5298 praestiterunt.
