4948 6368
830 644 865 692 11.
891 643 1004 692 Duilio
1027 644 1065 692 m
1087 641 1172 691 ΡΔΡΑ
1193 644 1307 694 ΒΕΟΠΙ
1330 647 1363 696 1·

910 1547 960 1651 A
988 1604 998 1626 ·
1027 1545 1288 1651 MDXXI.

488 1985 557 2064 Die
581 1981 760 2063 mercurii
787 1979 936 2061 decima
963 1979 1095 2082 aprilis
1124 1980 1329 2060 cardinalis
1355 1983 1599 2086 lotharingus
1639 1984 1820 2066 acclesiae
1846 2003 1910 2062 roc
1928 2003 1984 2064 ore
2001 2021 2025 2066 r.

382 2157 412 2211 s.
426 2130 623 2228 Honnphri
640 2129 822 2206 diaconus
841 2127 1058 2223 cardinalis,
1079 2129 1213 2206 urbam
1229 2129 1420 2229 ingramus
1433 2132 1504 2226 ast,
1519 2134 1560 2208 et
1577 2129 1618 2208 in
1635 2131 1819 2209 consisto·

382 2276 483 2354 rium
502 2274 691 2374 publicum
710 2297 734 2350 a
752 2275 839 2351 toto
859 2272 1115 2352 cardinalium
1132 2275 1271 2349 senatu
1289 2271 1499 2352 conductus
1516 2277 1577 2352 est
1594 2273 1643 2352 ab
1661 2273 1821 2352 ecclesia

385 2443 415 2498 s.
442 2418 581 2497 Mariae
599 2419 649 2496 ad
666 2390 865 2519 populum.
895 2416 1173 2494 Consistorium
1201 2415 1279 2493 fuit
1295 2417 1473 2495 habitum
1491 2419 1531 2496 in
1558 2418 1818 2520 calamagna,

384 2564 475 2662 quia
499 2565 588 2640 aula
613 2564 729 2641 solita
756 2563 979 2639 minabatur
1005 2563 1174 2638 ruinam.

484 2843 530 2921 In
543 2845 640 2923 iasto
659 2847 906 2922 Pentacoetas
927 2845 1123 2923 celebrata
1141 2839 1205 2921 est
1219 2844 1335 2920 missa
1349 2845 1389 2921 in
1407 2868 1437 2922 s.
1457 2845 1587 2940 Petro,
1605 2869 1722 2946 qnam
1736 2869 1817 2924 car·
1844 2859 1867 2918 c
1885 2859 1983 2920 ⁴1⁷2.

382 2989 514 3068 dirralis
533 2989 580 3069 de
597 2989 801 3068 Famesius
819 2989 1006 3083 cantavit,
1027 2991 1162 3090 postea
1178 2987 1357 3067 Pontifex
1376 2987 1570 3069 ordinavit
1588 2990 1691 3091 quod
1704 3013 1817 3070 cano·

381 3133 453 3213 cici
467 3157 496 3211 s.
512 3134 618 3211 Petri
636 3156 714 3210 non
728 3133 895 3234 amplius
913 3133 1145 3210 inlaturum
1161 3131 1371 3212 demittant
1386 3135 1470 3230 (57)
1480 3135 1587 3212 illam
1600 3135 1818 3213 columbam

374 3299 424 3355 ex
452 3279 532 3354 alto
559 3279 608 3354 ed
635 3281 759 3356 altare
787 3277 941 3377 quando
969 3255 1153 3354 cantatur
1171 3301 1303 3355 versus
1333 3281 1351 3316 ⁴
1378 3277 1467 3354 Veni
1483 3279 1606 3356 &aaa
1623 3277 1777 3374 Spiritus
1796 3334 1813 3368 ,

377 3421 419 3497 et
446 3421 537 3521 quia
562 3423 664 3519 sepit
690 3422 913 3499 idolatriam
940 3424 982 3498 et
1000 3422 1060 3496 est
1073 3419 1228 3497 nuditer
1247 3419 1391 3498 Μυκη
1410 3443 1478 3522 par
1494 3443 1671 3498 romanos
1689 3419 1816 3497 rudes.

482 3710 543 3787 Ad
569 3711 823 3790 eliminandas
852 3711 1102 3789 dissentiones
1130 3713 1172 3789 et
1209 3711 1487 3791 controversias
1512 3712 1554 3790 in
1580 3711 1817 3814 processione
1843 3717 1938 3776 tm
1954 3735 1978 3778 a

377 3829 551 3956 corpora
578 3857 719 3934 cuasa
748 3857 864 3957 rapa,
892 3856 1079 3935 sumente
1096 3855 1445 3954 recaeperunt
1464 3857 1503 3935 in
1522 3859 1717 3957 mmmm
1736 3877 1814 3934 sor-

376 4003 535 4081 voretur
562 4000 635 4080 iste
661 4001 755 4080 ordo

481 4145 661 4246 Religiosi
688 4151 729 4226 et
756 4146 889 4224 Oleros
915 4169 983 4246 per
1010 4147 1184 4224 ordinem
1211 4169 1337 4225 suum.

483 4283 710 4365 Portionarii
738 4287 860 4389 Ripae
887 4287 1151 4388 praesidentes
1177 4312 1353 4368 annonae

481 4431 665 4508 Notarius
691 4427 812 4508 turris
839 4452 965 4508 nonae
1232 4435 1235 4440 '

480 4572 662 4648 Notarius
690 4574 1047 4670 protonotariorum
1074 4571 1388 4671 participantium

482 4709 635 4787 Notarii
659 4712 795 4790 vicarii
822 4711 951 4812 Papae

480 4854 632 4932 Notarii
659 4857 742 4932 vioe
769 4857 970 4932 camerarii

483 4995 691 5096 Scriptores
720 4997 882 5075 archivii

481 5138 690 5240 Scriptores
715 5139 895 5216 bravium

484 5281 709 5360 Collectores
736 5281 886 5382 plumbi

481 5425 754 5506 Sollicitatorea
782 5426 984 5528 apostolici
