4948 6368
506 4691 640 4752 ΜΒΝ.

673 585 715 654 id
1223 607 1347 654 aaaron
1371 609 1416 654 or
1440 609 1556 656 onussr

786 699 815 708 ⁸-
845 699 1160 708 --·------.--.—-———--—-
1682 701 1793 708 σφω-
1814 701 1861 708 -—
1882 699 2060 707 ‚0---—-—-—
2078 701 2103 706 .-

671 849 794 927 poana
821 827 1038 919 arbitraria,
1067 829 1108 902 et
1134 827 1183 901 ab
1211 849 1324 922 opere
1350 827 1480 903 servili
1507 819 1579 903 hoc
1596 827 1713 903 biduo
1732 831 1899 903 cessatur
1925 850 1970 904 ao
1996 828 2102 903 festi·

671 971 859 1046 vitatibus
885 971 1045 1067 publicis
1073 969 1307 1045 intendatur.
1324 970 1369 1045 In
1388 971 1559 1067 cappella
1578 972 1724 1066 palatii,
1739 975 1936 1068 praesente
1955 971 2101 1046 Sancti·

670 1115 753 1189 tots
773 1111 861 1206 Sua,
878 1116 1054 1190 cantetur
1082 1113 1129 1188 ab
1149 1113 1278 1210 aliquo
1298 1113 1470 1210 praelato
1491 1114 1661 1210 hyspano
1682 1112 1795 1188 missu
1815 1114 2102 1207 solemnissima,

670 1279 767 1352 qnae
781 1257 833 1330 sit
847 1256 892 1330 de
908 1255 1054 1351 virgine
1071 1255 1291 1330 Marianum
1308 1254 1667 1329 commemoratione
1683 1254 1729 1328 do
1743 1277 1842 1328 novo
1859 1256 2102 1350 imperatore,

669 1401 709 1473 st
736 1397 901 1472 vicarius
929 1397 1056 1492 Papae
1083 1397 1237 1471 intimet
1264 1395 1440 1470 omnibus
1468 1395 1632 1470 basilicis
1660 1399 1700 1471 et
1728 1396 1893 1470 ecclesiis
1920 1398 2027 1471 urbis
2058 1402 2104 1470 ut

669 1539 770 1616 idem
794 1540 1002 1636 respective
1022 1537 1102 1614 flat.
1123 1539 1327 1614 llandetur
1345 1537 1525 1630 senatori,
1546 1538 1815 1629 conservatori,
1836 1540 2025 1636 capitibus
2043 1563 2101 1615 re-

670 1683 826 1777 gionum
854 1684 895 1757 et
923 1679 1180 1756 mareschallis
1199 1678 1369 1754 omnium
1388 1680 1582 1755 curiarum
1601 1683 1642 1755 et
1660 1681 1913 1755 tribunalium
1934 1683 2037 1757 urbis
2057 1686 2102 1757 ut

670 1823 818 1898 cessent
845 1845 868 1896 a
895 1821 988 1896 foris
1015 1841 1159 1911 eornm,
1176 1823 1216 1894 et
1243 1820 1420 1895 similiter
1449 1823 1652 1897 ulandetur
1679 1822 1855 1897 omnibus
1874 1823 2102 1900 officialibus

670 1961 717 2039 de
744 1961 902 2039 bassula
929 1961 1012 2054 (bb)
1042 1965 1088 2037 ut
1114 1961 1214 2037 idem
1242 1962 1282 2036 in
1310 1962 1486 2037 omnibus
1513 1965 1553 2038 et
1580 1985 1648 2060 per
1675 1964 1803 2040 omnia
1830 1933 1986 2040 faciant.

776 2247 848 2324 Die
874 2247 1023 2326 veneris
1055 2246 1305 2322 decimanona
1341 2247 1497 2344 augusti
1523 2246 1704 2347 Aloysius
1732 2249 1937 2324 cardinalis
1965 2249 2012 2324 de
2039 2274 2101 2324 ru-

670 2388 751 2466 beis
779 2390 885 2464 tituli
914 2411 944 2465 s.
960 2389 1176 2482 Clementis,
1196 2389 1353 2464 natione
1372 2389 1598 2464 florentinus
1619 2394 1796 2465 mortuus
1817 2393 1877 2466 ost
1895 2393 1934 2464 iu
1958 2391 2103 2488 palatio

669 2531 797 2628 Papae
823 2530 918 2606 hora
945 2531 1044 2607 ciros
1070 2531 1354 2629 decimaquinta
1382 2531 1468 2622 diei,
1498 2533 1567 2629 qui
1594 2531 1775 2608 dubitans
1804 2556 1844 2609 se
1872 2537 2102 2610 venenatum

669 2671 797 2767 luisse,
813 2672 1013 2752 mandavit
1040 2677 1085 2749 ut
1108 2677 1378 2771 postmortem
1396 2679 1696 2751 exenteraretur.
1717 2676 1810 2772 Ejus
1830 2676 2015 2753 desiderio
2037 2678 2101 2752 ob·

667 2821 925 2918 temperatum
953 2822 1024 2913 ast,
1053 2819 1118 2894 ssd
1137 2821 1244 2896 nulla
1276 2821 1384 2920 signa
1412 2822 1550 2899 veneni
1582 2826 1854 2920 apparuerunt.
1889 2823 2032 2919 Corpus
2062 2823 2102 2897 in

667 2967 779 3040 nocte
793 2963 869 3038 fuit
882 2961 1055 3039 delatum
1073 2963 1113 3037 in
1131 2963 1290 3040 aedibus
1310 2964 1640 3062 archypresbytsri
1655 2987 1684 3040 s.
1701 2965 1807 3040 Petri
1826 2966 2004 3043 videlicet
2022 2989 2103 3042 car·

668 3106 806 3182 dinalis
838 3106 1086 3197 ferrariensis,
1116 3111 1158 3182 et
1184 3107 1238 3182 ibi
1266 3106 1368 3182 iacta
1405 3110 1464 3182 est
1497 3107 1619 3182 omnis
1653 3129 1801 3204 pompa,
1840 3108 2102 3205 praesentibus

667 3249 806 3347 viginti
833 3254 980 3348 septem
1008 3249 1276 3327 cardinalibus.
1298 3249 1477 3348 Sepultus
1504 3249 1581 3324 fuit
1607 3249 1648 3325 in
1671 3273 1700 3326 s.
1720 3249 1837 3326 Petro
1852 3250 1892 3325 in
1920 3248 2101 3348 cappella,

667 3390 808 3467 Vultus
837 3389 968 3468 Sancti
994 3412 1112 3489 prope
1139 3395 1290 3489 portam
1316 3390 1453 3487 jubilei
1481 3392 1521 3468 in
1548 3393 1784 3488 provvisorio
1811 3392 1995 3488 sepulcro.

774 3676 879 3772 Papa
898 3677 939 3751 in
956 3675 1018 3751 dis
1036 3699 1084 3752 ss.
1105 3676 1262 3753 (losmas
1280 3680 1321 3752 at
1343 3677 1520 3751 Damiani
1541 3676 1633 3751 lecit
1645 3675 1855 3772 cappellam
1870 3674 2101 3749 ordinariam

667 3820 707 3896 iu
735 3820 905 3920 cappello
931 3818 1069 3917 majori
1098 3819 1144 3895 ad
1174 3843 1289 3918 quam
1317 3821 1396 3918 ipse
1425 3817 1584 3918 pluviali
1604 3817 1774 3910 indutus,
1797 3816 2023 3895 vonitrnoro
2043 3839 2098 3891 so·

668 3966 749 4040 lito.
778 3964 871 4040 Post
899 3966 1050 4040 missam
1080 3963 1186 4060 Papo
1214 3965 1319 4040 dedit
1339 3964 1539 4063 prandium
1559 3963 1735 4038 omuibus
1754 3962 2010 4038 cardinalibus
2035 3961 2101 4058 qui

671 4107 875 4184 voluerunt
892 4107 946 4180 ibi
964 4127 1131 4197 manera,
1161 4109 1201 4181 et
1229 4111 1315 4203 post
1330 4106 1533 4204 prandium
1561 4106 1652 4181 fecit
1680 4107 1840 4180 recitare
1868 4103 2101 4181 comoediam

667 4249 864 4346 vulgarem
881 4248 1008 4346 potius
1022 4248 1232 4344 ridiculam,
1248 4249 1421 4346 quamvis
1435 4249 1630 4341 moralem,
1651 4251 1691 4324 et
1705 4249 1865 4324 donavit
1880 4245 2101 4323 cantoribus

664 4392 805 4488 jocalia
833 4393 960 4468 solita.

776 4677 820 4752 ln
834 4677 966 4774 vigilia
986 4679 1157 4753 omnium
1176 4682 1395 4754 sanctorum
1415 4678 1521 4775 Papa
1539 4677 1654 4753 rediit
1673 4699 1719 4752 ex
1738 4677 1815 4752 suis
1836 4675 2101 4752 venationibus

668 4819 709 4894 in
737 4820 870 4894 urbam
897 4822 1052 4915 propter
1070 4819 1291 4914 cappellam.
1312 4820 1464 4894 Missam
1485 4821 1660 4895 cantavit
1683 4817 1885 4893 cardinalis
1913 4841 1943 4891 s.
1963 4817 2101 4911 Georgi

668 4961 863 5059 spiscopus
890 4959 1065 5036 ostiensis
1079 4961 1119 5035 in
1137 4961 1308 5058 cappella
1327 4961 1465 5057 papali,
1485 4985 1530 5037 eo
1549 4961 1639 5057 quia
1657 4961 1824 5056 porticus
1843 4982 1873 5035 s.
1889 4959 1993 5033 Petri
2014 4959 2099 5034 erat

668 5106 709 5182 in
736 5107 869 5198 ruinis,
889 5107 946 5181 ita
966 5109 1012 5180 ut
1024 5107 1064 5179 in
1077 5106 1273 5181 soclssiam
1289 5106 1394 5180 illam
1413 5125 1483 5179 nso
1502 5107 1588 5178 tuto
1608 5124 1679 5178 nso
1697 5101 1892 5177 commode
1919 5099 2103 5176 deambu-

668 5249 739 5325 lari
768 5249 901 5347 possit.
