4948 6368
634 533 678 604 74
1181 554 1307 604 raama
1329 557 1376 604 na
1398 556 1514 605 umssr

428 789 491 851 rol.
503 788 559 848 aas
576 807 605 849 v.
739 778 784 854 In
803 778 864 854 die
882 803 913 856 s.
933 779 1038 856 Petri
1057 784 1097 858 et
1115 785 1270 880 propter
1288 782 1442 876 calores,
1459 784 1500 859 et
1518 785 1672 881 propter
1693 783 1862 860 dolorem
1880 785 2066 861 stomachi

633 926 674 999 et
700 922 945 1002 afflictionem
974 926 1102 1003 obitus
1129 927 1189 1004 sui
1215 928 1365 1026 nepotis
1393 928 1499 1028 Papa
1516 951 1593 1006 non
1621 931 1839 1024 celebravit,
1860 933 1925 1008 sod
1945 931 2065 1008 cardi·

633 1069 732 1146 nalis
746 1069 1042 1146 Sanctaecrucis.
1072 1071 1210 1147 Orator
1222 1075 1321 1169 regis
1335 1074 1485 1173 hispani
1499 1078 1587 1171 post
1600 1078 1752 1151 missam
1769 1077 1913 1151 obtulit
1926 1099 2066 1174 equum

633 1213 765 1288 album
791 1236 913 1312 papae
941 1215 1012 1289 sub
1027 1214 1176 1312 porticu
1195 1217 1385 1309 existenti,
1405 1215 1532 1292 dicens
1551 1219 1591 1292 in
1609 1218 1760 1316 vulgari
1779 1219 1972 1316 hispanico
1991 1240 2068 1295 ser·

543 1347 546 1352 ’
633 1378 785 1434 monem
813 1381 927 1434 suum
954 1360 1049 1436 satis
1075 1358 1308 1456 simpliciter.

464 1649 485 1706 s.
503 1648 559 1706 aas
576 1666 605 1708 v.
740 1638 902 1737 Propter
928 1640 1041 1734 bella,
1062 1641 1191 1716 ruinas
1209 1644 1249 1716 et
1268 1642 1541 1719 inenarrabiles
1569 1643 1791 1721 afflictiones
1805 1645 1973 1722 civitatis
2001 1647 2064 1724 Pi·

633 1782 749 1875 sauri,
771 1781 926 1858 Parides
941 1783 987 1860 de
1002 1783 1130 1861 drussi
1143 1785 1285 1861 statuit
1303 1785 1395 1861 illuc
1413 1787 1591 1863 accedere
1609 1790 1650 1862 et
1669 1788 1798 1866 videre
1813 1789 1964 1867 damna.
1986 1791 2064 1867 Ita·

634 1947 708 2021 que
736 1925 797 2002 die
823 1927 1009 2024 vigesima
1035 1928 1153 2003 tertia
1170 1927 1263 2003 maii
1282 1927 1453 2004 discessit
1471 1951 1517 2005 ex
1535 1929 1642 2021 urbe,
1659 1933 1700 2004 et
1724 1929 1780 2005 ibi
1798 1933 1983 2007 remansit
2001 1955 2068 2030 per

633 2088 816 2144 mensem.

465 2368 560 2428 cers
577 2385 606 2426 v.
742 2355 837 2430 Oum
864 2359 1040 2433 mortuus
1067 2359 1167 2433 esset
1192 2356 1397 2433 cardinalis
1424 2358 1470 2434 de
1497 2357 1759 2456 Lucemburgo
1788 2359 1828 2433 in
1857 2357 1983 2435 Gallia
2003 2360 2069 2456 qui

635 2503 720 2576 erat
747 2499 945 2598 episcopus
973 2500 1189 2589 cardinalis,
1217 2502 1257 2577 in
1285 2501 1410 2577 locum
1438 2501 1521 2597 ejus
1548 2500 1624 2576 suit
1650 2501 1830 2578 suffectus
1867 2502 2068 2579 cardinalis

611 2675 613 2680 ¹
635 2644 683 2720 de
710 2643 890 2720 Famesio
917 2647 1021 2743 prior
1039 2645 1298 2739 diaconorum,
1323 2646 1447 2743 etqui
1467 2646 1528 2721 die
1548 2645 1738 2723 dominica
1757 2647 1939 2744 vigesima
1957 2653 2068 2722 sexte

630 2786 732 2884 junii
759 2787 885 2863 sactus
912 2792 973 2865 est
998 2790 1196 2888 presbyter
1223 2814 1247 2865 a
1274 2788 1458 2864 cardinali
1486 2811 1534 2863 ss.
1563 2790 1742 2885 quatuor.
1770 2789 1815 2864 In
1844 2789 1904 2865 die
1937 2793 2068 2864 autem

634 2907 884 3004 Visitationis‘
894 2933 1136 3007 consecratus
1163 2933 1223 3006 est
1249 2933 1445 3028 episcopus
1473 2954 1497 3006 a
1524 2925 1612 3005 SS'·
1640 2930 1686 3004 D.
1715 2931 1762 3006 N.
1792 2931 1832 3006 iu
1850 2952 2001 3006 camera
2028 2931 2066 3005 in

634 3097 712 3172 qua
739 3073 889 3148 solebat
916 3095 998 3150 esse
1025 3074 1224 3170 signatura
1251 3073 1379 3170 Papae
1406 3073 1514 3148 Julii.
1535 3072 1650 3147 Missa
1678 3072 1755 3147 fuit
1773 3073 1820 3148 de
1847 3073 2069 3150 visitatione

634 3236 701 3313 per
728 3238 865 3313 papam
894 3214 1043 3290 Sixtum
1070 3215 1292 3311 composita.
1321 3213 1460 3288 Orator
1478 3214 1740 3312 Portugallias
1763 3237 1911 3310 semper
1929 3237 2070 3312 aquam

634 3355 813 3430 manibus
840 3355 968 3452 Papae
993 3355 1241 3432 ministravit.
1271 3354 1317 3429 In
1342 3358 1472 3430 totum
1500 3355 1659 3430 fuerunt
1685 3355 1984 3452 decemquatuor
2011 3356 2068 3428 fa·

637 3496 745 3572 culae
772 3496 917 3592 pictae:
946 3493 1052 3591 Papa
1079 3495 1240 3572 donavit
1266 3495 1453 3570 annulum
1480 3518 1566 3571 cum
1594 3518 1745 3591 gemma
1764 3496 1960 3572 cardinali.

468 3805 489 3866 f.
508 3805 562 3865 aaa
581 3824 610 3866 v.
744 3781 815 3860 Die
843 3781 974 3858 martii
1002 3781 1138 3880 quinta
1161 3753 1250 3879 julii
1269 3783 1379 3860 venit
1396 3781 1538 3857 notitia
1557 3781 1604 3857 de
1624 3782 1808 3859 electione
1837 3782 1927 3859 novi
1951 3781 2068 3880 impe·

637 3926 778 4000 tatoris
806 3927 998 4001 celebrata
1026 3925 1088 4001 die
1115 3925 1299 4022 vigesima
1318 3927 1454 4004 octava
1472 3925 1670 4023 praeteriti
1689 3926 1840 4016 mensis,
1856 3925 1922 4022 qui
1950 3927 2068 4022 impe·

638 4070 746 4142 rator
759 4071 819 4144 est
833 4067 991 4145 Carolus
1005 4091 1073 4145 rex
1089 4067 1360 4165 Hispaniarum
1373 4088 1491 4164 nepos
1503 4066 1754 4143 Maximiliani
1769 4067 1939 4145 defuncti
1949 4090 2070 4166 nuper

639 4211 891 4310 imperatoris.

476 4530 570 4592 εις-ω
587 4549 612 4592 r.
746 4499 817 4576 Die
843 4497 1022 4575 mercurii
1048 4502 1157 4574 sexta
1179 4498 1269 4595 julii
1296 4497 1473 4573 habitum
1500 4500 1560 4574 est
1586 4495 1853 4574 consistorium
1875 4498 2070 4595 publicum

639 4667 707 4742 pro
736 4642 965 4720 admissione
992 4641 1065 4716 miri
1093 4642 1237 4716 domini
1265 4641 1466 4718 cardinalis
1496 4641 1643 4739 Aegidii
1663 4667 1686 4718 a
1705 4666 1775 4718 sua
1794 4641 1997 4741 Hispaniae
2016 4642 2069 4717 le·

590 4811 598 4828 ·
639 4789 795 4887 gatione
822 4787 977 4876 reversi,
999 4786 1081 4879 (53)
1101 4809 1168 4882 pro
1187 4808 1262 4882 quo
1281 4788 1369 4861 actu
1385 4786 1514 4860 omnia
1526 4789 1681 4863 servata
1698 4788 1790 4860 sunt
1809 4807 1908 4882 quae
1926 4784 2073 4862 servari

640 4934 777 5020 solent;
794 4927 1005 5005 cardinales
1032 4928 1291 5003 interfuerunt
1317 4927 1455 5023 viginti
1485 4932 1583 5003 octo.
1604 4927 1649 5001 In
1667 4928 1888 5003 consistorio
1914 4951 2072 5024 praepo·

640 5076 738 5148 sitas
766 5065 936 5146 fuerunt
951 5069 1050 5143 duae
1069 5069 1349 5144 commissiones
1367 5089 1432 5162 per
1452 5067 1547 5141 duros
1564 5090 1685 5144 novos
1709 5067 1924 5158 advocatos,
1949 5071 2074 5163 prima

519 5191 522 5198 ¹
640 5235 708 5311 per
735 5211 857 5286 fllium
885 5209 921 5284 d.
951 5208 1062 5282 Pauli
1089 5208 1137 5284 de
1178 5207 1342 5283 Castello
1384 5207 1581 5303 eleganter
1608 5210 1649 5283 et
1674 5208 1781 5302 bene,
1810 5207 1975 5286 secunda
2006 5231 2074 5305 per

640 5355 678 5433 d.
707 5353 961 5432 Salomonem.
