4970 6352
435 1297 499 1355 Pol.
513 1298 566 1355 118
585 1314 614 1355 v.

641 620 686 687 24
1188 639 1311 685 sanson
1335 639 1380 684 nn
1403 637 1518 685 nnxssr

641 861 903 960 gregationem
945 860 1131 937 admissus
1172 883 1259 936 cum
1300 862 1380 958 ipso
1421 860 1527 957 Papa
1553 859 1739 936 remansit
1767 861 1806 934 in
1834 859 2005 958 prandio,
2034 865 2075 936 et

642 1003 777 1081 deinde
803 1003 936 1080 eadem
964 1003 1024 1078 die
1053 1003 1217 1079 adauae
1245 1001 1357 1078 aedes
1384 1024 1559 1080 reversus
1587 1007 1657 1078 est.

751 1290 796 1365 In
824 1291 885 1366 die
913 1291 1172 1388 apostolorum
1199 1289 1306 1364 Petri
1334 1292 1375 1364 et
1402 1290 1512 1362 Pauli
1541 1288 1646 1384 Papa
1672 1289 1828 1363 missam
1854 1287 2076 1364 celebravit.

643 1433 805 1531 Expleta
832 1432 948 1508 missa
975 1431 1078 1507 facta
1105 1434 1165 1506 est
1201 1431 1338 1506 electio
1366 1431 1555 1526 capitanei
1583 1431 1769 1526 generalis
1798 1431 1863 1526 qui
1902 1429 1978 1502 fuit
2006 1427 2031 1502 J
2034 1456 2076 1504 u-

644 1581 770 1654 lianus
799 1579 845 1654 de
872 1578 1027 1653 Medicis
1055 1577 1174 1650 frater
1202 1575 1341 1672 Papae.
1363 1575 1487 1662 Quare
1505 1575 1612 1672 Papa
1639 1576 1797 1649 indutus
1825 1577 1985 1670 pluviali
2012 1579 2074 1652 be-

645 1721 791 1795 nedixit
819 1722 894 1793 duo
929 1719 1081 1808 vexilla,
1110 1739 1272 1813 quorum
1294 1740 1414 1789 unxxm
1433 1721 1519 1790 erat
1536 1717 1735 1808 Ecclesiae,
1765 1718 1930 1791 alterum
1959 1719 2077 1792 armis

645 1860 772 1955 Papae
799 1857 1032 1948 decoratum,
1062 1878 1183 1952 eaque
1210 1856 1371 1930 tradidit
1401 1856 1512 1929 fratri
1539 1878 1608 1930 suo
1637 1880 1736 1933 novo
1772 1857 1971 1954 capitaneo
2001 1881 2079 1931 una

644 2024 731 2076 cum
759 2000 906 2092 baculo,
934 1999 1070 2074 emisso
1098 2002 1188 2074 ante
1211 1999 1443 2094 juramento.
1459 1998 1544 2095 Ipse
1572 2003 1704 2074 autern
1722 2001 1943 2097 capitaneus
1972 2023 2078 2076 oscu-

645 2147 748 2220 latus
776 2145 911 2240 pedem
937 2142 1133 2218 Pontificis
1161 2143 1306 2238 gratias
1333 2141 1539 2217 sanctitati
1559 2141 1657 2218 Suae
1677 2147 1767 2237 egit,
1788 2149 1829 2220 et
1855 2145 2001 2238 deinde,
2018 2170 2078 2223 co·

645 2287 873 2364 mitantibus
901 2285 1117 2376 baronibus,
1146 2285 1490 2375 conservatoribus,
1511 2285 1672 2381 aliisque
1699 2287 1891 2362 nobilibus
1918 2289 2011 2363 viris
2039 2293 2080 2363 et

645 2431 793 2506 familia
820 2428 958 2524 Papae,
989 2429 1146 2502 ornatas
1174 2425 1318 2501 robono
1346 2447 1462 2501 aureo
1504 2426 1694 2522 equitavit
1721 2448 1807 2502 cum
1840 2451 1979 2523 magno
2011 2431 2077 2505 ho·

646 2596 738 2650 nore
779 2592 899 2667 usque
940 2569 1032 2643 dum
1059 2567 1108 2642 ad
1136 2566 1247 2643 aedes
1275 2589 1364 2642 suas
1391 2569 1618 2663 perveniret.
1648 2567 1790 2643 Eadem
1824 2569 1884 2643 die
1925 2575 2080 2646 mortua

646 2719 706 2794 est
733 2713 769 2790 d.
799 2709 1022 2789 Oontessina
1058 2707 1271 2807 ltodulplris
1299 2731 1406 2785 soror
1432 2731 1616 2807 geroiana
1648 2709 1786 2810 Papae,
1815 2714 1857 2787 et
1897 2715 2079 2812 exequiae

646 2858 862 2935 celebratae
890 2857 983 2929 sunt
1009 2853 1071 2928 die
1100 2854 1276 2951 sequenti
1304 2854 1345 2928 in
1371 2853 1528 2930 ecclesia
1554 2878 1584 2929 s.
1613 2855 1832 2951 Augustini.

753 3141 823 3216 Die
838 3137 1112 3232 lunaedecima
1130 3135 1356 3235 septembris
1375 3135 1553 3212 Pontifex
1572 3136 1612 3210 in
1631 3137 1856 3213 consistorio
1871 3143 2015 3214 secreto
2030 3142 2078 3214 ad

646 3285 925 3361 cardinalatum
954 3283 1081 3358 evexit
1118 3282 1152 3355 d.
1171 3281 1357 3354 'Pbomam
1394 3281 1716 3377 archiepiscopum
1743 3282 2009 3358 eboracensem
2038 3287 2078 3359 in

647 3425 797 3519 Anglia.
811 3422 911 3496 Nam
931 3422 1109 3494 Pontifex
1136 3421 1248 3496 valde
1274 3420 1440 3492 timebat
1454 3419 1647 3494 molestias
1676 3443 1773 3516 quae
1800 3423 1872 3495 sibi
1900 3424 2080 3500 obvenire

646 3567 828 3660 poterant
864 3586 912 3637 ex
952 3565 1062 3657 parte
1102 3561 1201 3656 regis
1243 3560 1427 3635 Franciae
1463 3564 1550 3654 post
1591 3563 1905 3658 espugnationem
1937 3564 2079 3639 Medio·

646 3704 837 3796 lani(32),
853 3724 930 3776 non
957 3703 1112 3776 tantum
1140 3703 1179 3775 in
1207 3705 1314 3776 statu
1344 3701 1547 3775 florentino
1575 3703 1684 3798 cujus
1713 3703 1792 3799 ipse
1819 3704 2003 3780 ditionem
2023 3711 2079 3781 te·

647 3847 765 3922 nebat
792 3845 907 3919 simul
934 3867 1021 3920 cum
1049 3844 1168 3920 fratre
1197 3847 1238 3920 et
1265 3865 1402 3940 genero
1431 3869 1500 3920 suo
1529 3847 1576 3921 de
1603 3847 1769 3940 Medicis,
1798 3848 1863 3922 sed
1895 3849 2013 3924 etiarn
2041 3851 2081 3924 in

647 3985 869 4061 civitatibus
897 3983 1086 4060 Ecclesiae
1114 4006 1307 4060 romanae.
1337 3983 1390 4059 Ut
1417 3991 1547 4061 autem
1576 3988 1648 4063 hoc
1684 3990 1895 4084 periculum
1928 4013 2080 4067 amove·

647 4130 757 4199 retur
783 4127 863 4222 ipse
890 4124 1070 4201 Pontifex
1097 4128 1178 4222 egit
1204 4149 1291 4201 cum
1321 4149 1409 4224 rege
1440 4128 1601 4224 Angliae
1633 4131 1677 4202 ut
1704 4129 1925 4207 subveniret
1953 4130 2081 4206 Statui

647 4269 835 4348 Ecclesiae
862 4292 1056 4364 romanae,
1072 4273 1112 4348 et
1140 4271 1251 4351 valde
1284 4275 1487 4348 contantes
1506 4273 1592 4366 l'nit,
1613 4276 1766 4373 succepto
1786 4298 1977 4374 responso,
2006 4301 2080 4376 quo

648 4415 748 4491 idem
789 4437 854 4492 rex
896 4414 1108 4513 spondebat
1134 4437 1176 4491 se
1218 4417 1339 4491 etiam
1366 4420 1483 4493 armis
1511 4443 1665 4494 causam
1707 4419 1902 4497 Pontificis
1944 4444 2081 4520 propu-

647 4561 868 4658 gnatorum.
898 4557 1021 4646 Quare
1060 4558 1238 4652 libenter,
1276 4560 1469 4636 nonnullis
1506 4563 1722 4657 postulatis,
1765 4563 1942 4662 capitulis
1983 4566 2082 4662 rogis

648 4701 810 4798 Angliae
836 4702 1039 4794 consensit,
1067 4701 1169 4776 inter
1196 4724 1296 4799 quae
1324 4705 1395 4779 hoc
1422 4704 1673 4800 expetebatur
1701 4709 1747 4779 ut
1782 4707 2083 4802 archiepiscopus

649 4847 886 4922 eboracensis
913 4845 1048 4919 statim
1077 4845 1280 4921 cardinalis
1317 4847 1614 4922 renuntiaretur.
1643 4845 1902 4923 Nihilominus
1930 4847 1969 4921 in
1996 4870 2083 4922 con·

648 4989 800 5065 sistorio
829 4990 963 5062 habito
991 4987 1053 5063 die
1080 4990 1242 5085 septima
1261 4991 1486 5085 septembris
1522 4991 1665 5085 partim
1692 4992 1784 5086 quia
1811 4991 1972 5086 exiguus
2000 4996 2085 5066 erat

649 5130 900 5208 cardinalium
941 5153 1134 5221 numerus,
1176 5133 1316 5226 partim
1345 5133 1437 5226 quia
1472 5130 1618 5205 multae
1655 5130 1898 5205 difficultates
1939 5132 2086 5206 allatae

649 5274 741 5346 sunt
768 5275 902 5346 contra
928 5272 1163 5367 propositam
1181 5273 1417 5362 electionem,
1437 5272 1533 5345 nibil
1552 5271 1628 5344 fuit
1647 5270 1910 5347 deliberatum.
1940 5270 2083 5346 Verum

650 5437 802 5490 omnem
829 5413 1130 5510 disputationem
1162 5415 1320 5488 sustulit
1356 5417 1460 5511 Papa
1496 5416 1574 5511 qui,
1594 5415 1770 5490 omnibus
1806 5415 2010 5512 perpensis,
2044 5413 2083 5486 in
