4948 6368
828 671 861 720 rr,
885 673 999 722 nrnruo
1023 675 1058 720 nr
1081 672 1164 720 rnen
1187 671 1301 720 crona
1326 675 1358 720 x.
1745 645 1746 650 ’
1778 651 1821 719 89

378 902 548 994 stupore,
565 896 748 971 admirati
763 895 941 970 dixerunt
954 916 1045 990 proe
1058 898 1140 968 orto
1156 893 1266 967 illum
1281 893 1397 968 luisse
1411 893 1636 983 toxicatum,
1652 891 1820 967 maxime

382 1039 476 1134 quia
516 1039 622 1134 Papa
662 1040 753 1112 ante
793 1036 942 1112 obitum
983 1055 1095 1130 saepe
1135 1034 1303 1109 doluerit
1344 1035 1486 1110 sentire
1527 1033 1714 1109 interiora
1748 1056 1820 1109 suo

390 1182 498 1278 quasi
526 1203 571 1256 ex
600 1179 686 1277 igne
712 1178 895 1268 comburi,
925 1180 966 1253 et
993 1177 1083 1274 quia
1110 1177 1272 1274 suspicio
1308 1177 1463 1253 omnino
1493 1179 1570 1253 luit
1597 1178 1643 1254 de
1671 1199 1819 1254 veneno

381 1322 582 1419 propinato
610 1321 651 1394 in
677 1320 783 1394 vino:
814 1319 889 1393 luit
915 1320 1050 1413 captus
1064 1318 1219 1413 quidam
1238 1319 1468 1393 camerarius
1487 1317 1687 1414 pocillator
1705 1317 1820 1392 simul

381 1484 467 1537 cum
496 1460 697 1558 canapario
727 1483 750 1534 u
778 1460 906 1535 lurore
933 1459 1064 1556 populi
1083 1461 1124 1534 ct
1143 1459 1280 1535 ductus
1299 1459 1339 1533 in
1360 1459 1573 1553 castellum,
1593 1458 1658 1536 sed
1687 1463 1822 1558 postca

381 1603 623 1680 examinatus
652 1603 728 1678 luit
764 1603 950 1678 liberatus
987 1604 1187 1699 tamquam
1214 1602 1407 1694 innocens,
1436 1605 1478 1678 et
1504 1601 1723 1678 conclusum
1743 1625 1821 1677 non

382 1746 520 1823 obiisse
547 1746 691 1845 Papam
720 1747 951 1822 venenatum
981 1745 1046 1820 sed
1075 1765 1120 1820 ex
1148 1745 1281 1821 morbo
1310 1745 1451 1820 catarri
1480 1747 1668 1840 utsupra
1696 1745 1793 1837 (62).

488 2033 562 2109 Dic
579 2032 695 2108 lunae
715 2053 819 2106 nono
837 2028 1046 2107 decembris
1063 2031 1265 2107 inchoatae
1284 2034 1377 2106 sunt
1394 2029 1574 2127 exequiae
1593 2027 1634 2103 in
1652 2028 1823 2127 cappella
1848 2031 1911 2092 ror
1929 2032 1983 2090 4³9
2001 2046 2030 2091 v·

381 2178 524 2255 sixtina
543 2201 628 2255 cum
649 2178 865 2255 miserrimo
884 2179 1021 2276 paratu
1042 2175 1159 2251 etiam
1179 2177 1218 2250 in
1238 2174 1410 2250 vestibus
1429 2172 1610 2265 familiae,
1630 2197 1720 2250 nam
1734 2197 1822 2250 cum

383 2325 510 2396 essent
523 2321 734 2395 familiares
750 2344 866 2418 supra
881 2310 984 2394 mille
998 2318 1061 2393 vix
1077 2319 1290 2393 biscentum
1304 2317 1463 2392 fuerunt
1481 2317 1623 2409 vestiti,
1638 2320 1678 2392 et
1693 2318 1822 2391 omnia

383 2487 469 2539 cum
500 2463 673 2538 tumultu
703 2465 745 2537 et
771 2463 853 2537 sine
881 2461 1011 2536 ordine
1035 2461 1258 2536 factasunt.
1280 2459 1435 2537 Perides
1454 2457 1500 2534 de
1523 2459 1669 2536 (tressis
1688 2482 1821 2559 quarn·

383 2630 499 2703 quam
522 2605 602 2701 jam
636 2603 701 2678 diu
723 2604 890 2680 officium
909 2603 1149 2699 resignasset,
1170 2626 1194 2678 a
1212 2603 1468 2679 cardinalibus
1487 2602 1565 2679 snit
1591 2606 1748 2702 rogatus
1776 2606 1823 2679 ut

384 2749 502 2824 vellet
528 2746 670 2823 servire
699 2745 739 2820 in
767 2769 836 2822 suo
865 2745 989 2822 officio
1017 2745 1137 2822 donec
1164 2745 1271 2844 Papa
1298 2767 1420 2822 novus
1448 2745 1584 2823 luisset
1610 2747 1750 2841 factus,
1783 2749 1824 2823 ot

384 2885 608 2988 acceptavit.
638 2890 731 2964 Post
758 2891 923 2980 missum,
948 2891 1047 2965 lecta
1075 2889 1151 2964 luit
1177 2889 1218 2963 in
1247 2888 1404 2964 basilica
1431 2889 1539 2965 bulla
1576 2889 1672 2965 Julii
1709 2913 1823 2988 super

384 3034 489 3131 Papa
515 3031 706 3128 legittime
733 3033 774 3106 ct
801 3031 882 3104 sine
910 3029 1073 3103 simonia
1096 3027 1281 3125 eligendo,
1310 3051 1427 3126 quum
1445 3031 1590 3105 bullam
1619 3030 1715 3129 legit
1733 3031 1821 3106 Bla-

384 3179 461 3254 aius
488 3175 715 3253 secretarius
742 3174 904 3272 collegii.
933 3173 1149 3250 Successivc
1176 3172 1349 3271 quotidie
1377 3174 1482 3252 factu
1508 3178 1568 3251 est
1594 3175 1710 3252 missa
1737 3197 1824 3254 exe·

385 3321 533 3420 quialis.
562 3320 718 3396 Interea
745 3320 952 3418 deputatus
971 3318 1047 3394 luit
1065 3319 1269 3396 cardinalis
1290 3320 1336 3396 de
1359 3319 1546 3396 Cesarinis
1565 3344 1634 3420 pro
1653 3323 1825 3399 conclavi

385 3467 568 3543 faciendo.
598 3465 675 3541 Iste
705 3464 787 3539 fieri
816 3463 908 3540 fecit
934 3462 1030 3538 duos
1057 3462 1225 3539 caminos
1253 3464 1293 3537 in
1329 3463 1477 3539 duabus
1505 3464 1598 3541 salis
1633 3468 1676 3578 et
1711 3464 1822 3565 quin·

385 3613 571 3709 quaginta
598 3611 724 3701 cellas,
753 3608 931 3685 videlicet
958 3609 1216 3707 quadraginta
1241 3612 1282 3685 ct
1301 3633 1415 3685 unum
1437 3607 1476 3685 in
1496 3615 1678 3712 cappella,
1698 3618 1739 3692 et
1755 3637 1824 3690 no-

385 3779 472 3834 vern
500 3757 610 3832 extro
637 3777 723 3830 eam
751 3755 952 3851 aequales:
982 3758 1023 3831 et
1049 3777 1137 3831 curn
1160 3755 1243 3852 jam
1270 3757 1400 3832 omnia
1431 3761 1569 3854 paratu
1602 3762 1731 3837 essent
1756 3785 1825 3858 pro

386 3902 558 3998 ingressu
586 3899 635 3973 ad
662 3899 841 3975 conclave
868 3899 930 3975 dis
957 3899 1135 3975 mercurii
1153 3900 1339 3996 proxima,
1359 3923 1510 3977 sacrum
1525 3903 1727 4001 collegium
1745 3906 1823 3980 sta·

388 4048 469 4120 tuit
497 4047 543 4118 ut
556 4047 823 4140 expectaretur
841 4065 908 4139 per
927 4043 1022 4117 alios
1041 4047 1127 4119 octo
1147 4043 1226 4118 dies
1249 4045 1451 4120 cardinalis
1466 4045 1739 4144 hiporegicnsis
1759 4053 1824 4148 qui

385 4212 409 4262 a
436 4187 531 4262 duce
560 4186 763 4262 Mediolani
792 4186 1069 4282 interceptatus
1096 4184 1236 4260 fuerat.
1265 4185 1421 4261 Interea
1439 4189 1570 4263 orator
1590 4192 1826 4266 mantuanus

385 4330 561 4429 exposuit
588 4329 689 4427 quod
717 4329 793 4405 dux
822 4329 956 4403 Urbini
994 4327 1216 4403 Franciscns
1254 4329 1377 4404 Maria
1406 4334 1492 4406 orat
1519 4329 1559 4405 in
1587 4331 1652 4407 via
1694 4355 1826 4412 versus

387 4477 539 4554 Statum
555 4499 667 4552 suurn
683 4499 729 4550 ex
744 4499 818 4573 quo
833 4474 963 4553 suerat
978 4475 1229 4572 ejectusffid),
1240 4478 1281 4552 ct
1294 4475 1395 4576 quod
1409 4477 1590 4555 veniebat
1604 4502 1691 4557 cum
1707 4503 1825 4555 manu

387 4621 479 4698 forti
507 4623 548 4696 et
574 4621 744 4696 exercitu
772 4643 924 4718 magn03
946 4624 987 4698 et
1009 4621 1141 4698 linitae
1160 4625 1252 4697 sunt
1269 4623 1452 4719 exequias
1470 4623 1594 4698 bonas
1614 4625 1824 4700 memorias

388 4763 523 4840 Leonis
551 4761 697 4837 Decimi
726 4763 861 4864 Papus
892 4763 1000 4859 cujus
1029 4763 1158 4838 anima
1184 4765 1402 4863 requiescat
1428 4766 1469 4841 in
1498 4754 1605 4864 nuce.
1636 4765 1771 4843 Amen.

854 5101 1359 5114 w
