4970 6352
881 675 915 722 ra
938 675 1053 723 eramo
1076 675 1112 722 nr
1134 676 1217 724 rara
1240 677 1355 725 aucun
1379 678 1411 725 x.
1817 657 1861 724 23

421 901 464 975 et
498 897 674 974 'obtinuit
718 896 997 994 indulgentiam
1044 894 1212 992 quinque
1258 919 1459 972 annorum.
1501 896 1596 974 Post
1647 918 1861 972 sermonem

423 1042 529 1138 Papa
556 1041 662 1116 dedit
689 1038 1015 1130 benedictionem;
1046 1042 1130 1114 tum
1158 1040 1353 1136 publicata
1381 1040 1457 1115 fuit
1490 1040 1740 1138 indulgentia.
1779 1039 1860 1114 Nu·

423 1159 672 1256 merebantur
699 1183 838 1256 Mitras
865 1182 1076 1276 nonaginta
1104 1187 1272 1276 quatuor
1299 1187 1452 1279 praeter
1479 1182 1689 1257 cardinales
1721 1181 1861 1276 viginti

423 1323 603 1416 quinque.
633 1322 825 1396 Praestita
852 1321 928 1394 fuit
956 1321 1175 1395 obedientia
1202 1341 1268 1416 per
1296 1339 1426 1392 omnes
1454 1317 1643 1406 mitratos,
1660 1319 1701 1390 et
1718 1317 1859 1390 lectum

423 1462 499 1535 fuit
526 1460 751 1534 mandatum
780 1457 994 1534 Sabaudiae
1013 1461 1130 1538 ducis.
1152 1459 1298 1537 Deinde
1325 1460 1447 1534 lectae
1475 1457 1631 1533 cedulae
1658 1479 1726 1553 per
1753 1478 1862 1554 prae·

421 1602 522 1676 latos
551 1603 780 1697 designatae,
801 1604 948 1696 etpost
975 1604 1174 1678 lectionem
1207 1602 1503 1699 uniuscuiusque
1517 1599 1675 1676 cedulae
1699 1599 1859 1673 collecta

422 1747 514 1818 vota
533 1748 686 1840 patrum
707 1746 773 1838 qui
792 1766 923 1818 omnes
942 1743 1221 1840 responderunt
1241 1743 1366 1836 placet,
1388 1743 1492 1818 iacta
1511 1742 1732 1839 exceptione
1749 1739 1860 1814 unius

421 1886 483 1961 vel
512 1885 687 1959 duorum.
708 1885 752 1956 In
772 1883 846 1960 line
866 1889 997 1960 orator
1025 1887 1173 1963 Galliae
1200 1886 1380 1961 accedens
1398 1885 1447 1959 ad
1467 1885 1611 1980 Papam
1640 1883 1737 1956 dixit
1755 1880 1857 1979 qnod

420 2027 479 2100 sui
507 2017 669 2124 praelati
694 2027 898 2119 venissent,
927 2029 959 2102 si
978 2029 1068 2126 ipsis
1095 2032 1184 2106 tuta
1203 2031 1267 2107 via
1293 2030 1459 2126 pateret,
1479 2051 1586 2104 secus
1615 2027 1729 2104 iidem
1749 2049 1859 2122 rogn-

421 2171 517 2246 bant
544 2175 590 2246 ut
617 2175 903 2248 excusarentur.
933 2173 1029 2248 'l'um
1058 2174 1163 2271 Papa
1182 2173 1381 2250 mandavit
1408 2171 1646 2270 procuratori
1666 2171 1788 2246 fiscali
1814 2172 1860 2245 ut

422 2317 618 2389 accusaret
643 2299 924 2388 contumaciam
952 2317 1124 2390 omnium
1158 2318 1420 2412 praelatorum
1449 2315 1680 2405 absentium,
1718 2317 1761 2389 et
1795 2313 1859 2387 ille

421 2458 538 2532 etiarn
570 2457 683 2554 petiit
702 2457 884 2533 declarari
913 2481 1044 2534 omnes
1063 2456 1162 2534 tales
1189 2458 1365 2536 incidisse
1385 2459 1423 2533 in
1439 2481 1580 2555 poenas
1599 2458 1800 2534 contentas
1820 2453 1859 2530 in

421 2601 535 2674 bullis
550 2601 710 2676 concilii.
727 2601 833 2676 Licet
854 2604 984 2712 autern
1000 2602 1126 2700 Papae
1140 2603 1377 2678 insinuatum
1397 2603 1516 2677 fuerit
1533 2604 1580 2676 ut
1594 2601 1642 2676 ad
1661 2601 1858 2696 hujusmo-

421 2742 458 2814 di
478 2742 758 2839 responsionem
774 2746 929 2833 taceret,
951 2743 1057 2840 Papa
1080 2747 1159 2821 alte
1178 2745 1286 2837 dixit,
1306 2747 1532 2835 declaramus,
1552 2747 1594 2820 et
1606 2743 1719 2819 iussit
1738 2742 1861 2818 eidem

419 2885 658 2978 procuratori
695 2883 812 2958 fiscali
841 2889 887 2958 ut
912 2885 1112 2961 intimaret
1140 2888 1316 2961 omnibns
1344 2885 1559 2960 huiusmodi
1601 2907 1710 2958 snam
1751 2905 1862 2956 accu-

417 3028 604 3102 sationem
634 3027 900 3102 contumaciae
928 3029 969 3103 et
987 3027 1211 3124 petitionem
1232 3025 1512 3115 declarationis,
1533 3046 1577 3098 ac
1596 3023 1715 3098 etium
1730 3021 1859 3117 Papae

419 3165 713 3243 declarationem
753 3169 953 3244 efficaciter
981 3169 1135 3260 iactam,
1165 3171 1205 3244 et
1231 3171 1364 3242 latam.
1394 3165 1455 3241 Ad
1487 3169 1682 3241 oratorem
1726 3165 1859 3239 autem

421 3309 567 3386 Galliae
595 3311 791 3406 respondit
818 3311 920 3408 quod
948 3312 1190 3409 provvidebit
1212 3315 1256 3386 ut
1274 3333 1342 3408 per
1361 3311 1462 3386 viam
1476 3309 1699 3405 januensem
1729 3306 1861 3383 venire

420 3453 586 3548 possent,
616 3453 656 3527 et
684 3455 866 3548 poterunt
893 3453 925 3528 si
953 3453 1096 3545 volent,
1125 3457 1241 3553 prout
1267 3452 1417 3530 faciunt
1444 3453 1511 3527 alii
1539 3451 1606 3548 qui
1634 3451 1774 3527 volunt
1793 3472 1859 3526 ve·

419 3594 501 3669 nire
529 3597 571 3670 et
597 3595 769 3670 veniunt.
800 3595 1008 3673 Undecima
1035 3599 1152 3674 sessio
1181 3598 1325 3674 indicta
1352 3597 1439 3687 fuit,
1468 3598 1585 3693 prout
1613 3596 1758 3670 dictum
1787 3596 1859 3685 est,

420 3762 487 3838 pro
507 3737 793 3838 decimoquarto
822 3739 882 3818 die
910 3740 1117 3818 ilecornbris
1144 3741 1313 3840 proxime
1343 3739 1476 3835 futuri,
1498 3740 1598 3817 idest
1617 3738 1859 3837 postfestum

419 3908 449 3959 s.
492 3885 641 3978 luciae,
684 3890 725 3962 et
751 3887 853 3962 illico
882 3886 987 3984 Papa
1024 3888 1199 3963 cantavit
1232 3931 1276 3944 —
1312 3890 1358 3964 Tc
1388 3889 1502 3962 Deum
1532 3929 1572 3940 -
1610 3889 1652 3963 et
1682 3889 1771 3983 post
1810 3885 1859 3960 ad

420 4029 607 4122 palatium
634 4029 748 4104 rediit
775 4053 862 4106 curn
889 4035 989 4107 esset
1016 4032 1111 4107 hora
1139 4032 1395 4109 decimanona
1422 4054 1509 4108 cum
1537 4031 1706 4107 dimidio.

527 4316 597 4391 Die
625 4318 741 4393 lunae
761 4318 944 4414 vigesima
963 4318 1100 4415 quinta
1114 4319 1215 4414 junii
1244 4341 1331 4394 cum
1347 4319 1518 4395 audisset
1531 4318 1638 4416 Papa
1657 4319 1861 4395 nonnullos
1887 4343 1950 4403 rol.
1972 4345 2024 4402 us
2041 4365 2065 4402 r.

419 4457 607 4532 stafferios
623 4457 724 4534 card.
734 4456 769 4531 d.
785 4457 967 4532 Friderici
983 4452 1286 4534 Saneeverinatis
1301 4458 1535 4535 interfecisse
1550 4459 1752 4556 quemdam
1776 4481 1859 4534 cus·

419 4598 550 4674 todem
561 4601 721 4674 carceris
731 4600 834 4695 apud
845 4601 1031 4690 terrina
1042 4602 1128 4691 l)de
1144 4599 1313 4690 Sabellis,
1326 4623 1465 4697 eosque
1476 4599 1659 4674 mandato
1674 4599 1861 4695 praedicti

419 4739 621 4815 cardinalis
648 4741 782 4837 fugam
811 4743 1027 4838 arripuisse,
1052 4743 1170 4838 jussit
1196 4743 1372 4818 eumdum
1401 4743 1635 4816 cardinalem
1666 4743 1706 4815 in
1734 4743 1860 4816 castro

420 4906 449 4958 s.
478 4882 614 4979 Angeli
644 4882 820 4959 detineri.
851 4883 920 4958 Dle
949 4905 1039 4959 vero
1059 4885 1234 4981 sequenti
1262 4883 1379 4981 Papa,
1396 4904 1527 4958 ornnes
1554 4882 1766 4959 cardinales
1794 4904 1861 4957 vo·

420 5027 523 5102 cavit
551 5030 597 5101 ut
623 5027 663 5100 in
684 5029 978 5124 congregatione
998 5029 1067 5104 lrac
1085 5052 1198 5125 super
1216 5051 1257 5104 re
1273 5029 1504 5125 judicarent.
1527 5026 1739 5124 Postquam
1767 5048 1861 5102 vero

421 5168 491 5264 ipsi
519 5167 732 5244 cardinales
759 5192 867 5244 sumn
899 5172 1130 5246 sententiam
1153 5171 1409 5268 protulerunt,
1426 5169 1542 5266 Papa,
1572 5168 1749 5244 omnibus
1777 5189 1860 5265 per·

421 5311 557 5410 pensis,
587 5311 636 5387 ab
665 5311 768 5386 omni
796 5334 921 5409 poena
948 5311 1178 5389 cardinalem
1206 5313 1403 5404 liberavit;
1442 5313 1668 5411 quistatim
1697 5312 1746 5388 ad
1774 5335 1861 5390 con·
