4948 6368
457 917 520 978 Pol.
532 919 588 978 398
605 939 634 983 v.

663 669 707 736 80
1217 687 1340 734 aaaron
1366 687 1409 731 ou
1432 687 1547 733 casser

711 780 774 790 ..ι-
1134 781 1287 790 --.·—.-.-
1299 780 1889 789 ..---·—-—----—---—-—affl
1898 780 2031 790 —---.
2041 781 2091 792 ...ῃ

768 911 814 986 In
828 911 960 1008 vigilia
973 934 1003 986 s.
1020 910 1126 986 Petri
1141 932 1319 1008 vesperae
1338 910 1553 986 celebratae
1567 908 1727 987 fuerunt
1740 910 1781 985 in
1794 909 1967 986 basilica:
1982 913 2097 986 missa

661 1057 838 1136 similiter
865 1057 1058 1135 celebrata
1079 1060 1138 1134 est
1157 1078 1223 1156 por
1251 1054 1479 1132 cardinalem
1502 1051 1785 1132 Sarrrctnocrncis
1809 1054 1847 1130 in
1875 1054 2032 1132 l.›nsilicn
2050 1055 2097 1132 nd

661 1225 777 1299 quam
806 1203 912 1299 Papa
940 1201 1048 1276 venit
1075 1201 1168 1276 bora
1197 1201 1354 1291 decima,
1383 1204 1471 1296 post
1510 1201 1666 1274 missam
1694 1203 1825 1276 orator
1858 1199 2099 1296 imperatoris

660 1342 859 1437 tamquam
888 1341 988 1437 regis
1015 1340 1168 1417 Siciliae
1210 1341 1471 1439 praesentavit
1497 1342 1682 1433 abinaam,
1721 1364 1836 1438 quam
1864 1341 1968 1438 Papa
1995 1363 2098 1417 acce·

661 1485 789 1580 piavit
816 1483 981 1559 libenter
1008 1484 1277 1562 commendans
1305 1483 1425 1560 filiurn
1454 1485 1703 1561 carissimum.

768 1764 911 1840 Diebus
939 1767 1159 1864 praeteritis
1177 1767 1282 1865 Papa
1301 1769 1446 1844 creavit
1464 1769 1503 1842 in
1523 1773 1670 1845 secreto
1689 1771 1945 1845 consisistorio
1964 1770 2097 1845 ducem

661 1905 851 1981 Camerini
879 1907 1113 2003 praefectum
1143 1909 1259 1999 urbis,
1275 1909 1341 2004 qni
1360 1910 1407 1983 ad
1429 1933 1489 1985 mo
1512 1911 1618 1985 misit
1636 1915 1682 1984 ut
1700 1910 1947 1984 informarem
1975 1913 2097 2007 ipsum

661 2049 707 2125 de
727 2054 879 2142 natura,
902 2050 1090 2148 dignitate
1106 2055 1146 2126 et
1155 2051 1400 2146 jurisditione
1415 2053 1527 2128 istius
1548 2053 1674 2144 oflicii,
1690 2054 1751 2128 cui
1766 2053 1806 2126 iu
1824 2053 1924 2127 hunc
1943 2053 2098 2127 modum

660 2195 793 2290 scripsi
801 2216 810 2284 ;
839 2193 937 2270 hanc
965 2195 1244 2291 praefecturam
1271 2199 1359 2293 post
1390 2196 1592 2292 imperium
1620 2219 1821 2272 romanum
1848 2197 1997 2271 nullam
2029 2202 2099 2272 aut

660 2334 839 2431 pusillam
859 2337 897 2410 in
919 2337 1012 2412 urbe
1027 2337 1312 2433 jurisditionem
1331 2341 1497 2414 retinere
1516 2343 1686 2437 respectu
1703 2339 1808 2414 illius
1822 2340 2015 2436 antiquae,
2032 2339 2097 2416 sed

660 2478 930 2552 tantummodo
958 2478 1099 2554 habere
1116 2478 1343 2574 dignitatem
1358 2482 1404 2553 nt
1418 2481 1470 2554 sit
1484 2503 1597 2577 super
1610 2502 1741 2556 omues
1762 2480 1866 2555 urbis
1895 2481 2095 2578 magistra·

660 2624 735 2714 tus,
752 2644 842 2696 nam
870 2620 1085 2718 praefectus
1105 2623 1256 2720 equitat
1274 2645 1341 2719 per
1360 2623 1504 2716 urbem,
1525 2624 1797 2700 comitantibus
1813 2623 1999 2701 universis
2016 2649 2095 2699 ma·

659 2764 898 2862 gistratibus,
928 2769 1116 2859 senatore,
1144 2767 1487 2859 conservatoribus,
1512 2766 1780 2862 confalonerio,
1805 2767 2095 2864 proceribusque

660 2912 701 2983 et
727 2908 874 2984 civibus
902 2909 1080 2985 romanis.
1110 2909 1243 2984 Induit
1271 2914 1416 2986 vestem
1444 2911 1690 3002 senatoriam,
1710 2909 1824 2986 idest
1843 2911 1964 3008 primo
1992 2911 2094 2985 tuni·

659 3050 795 3126 cellam
821 3051 976 3146 longam
1003 3055 1044 3126 et
1071 3051 1179 3148 quasi
1206 3051 1524 3143 subdiaconalem,
1541 3056 1581 3126 et
1600 3051 1914 3147 paludamentum
1934 3051 2094 3146 desuper·

659 3193 884 3270 olosericum
900 3195 947 3270 ad
964 3218 1121 3270 manum
1136 3194 1331 3270 dexteram
1347 3199 1534 3293 apertum,
1551 3193 1676 3269 limbis
1691 3194 1984 3292 circumquaque
1999 3215 2093 3269 auro

659 3338 861 3429 contextis,
890 3341 1019 3434 gestat
1046 3338 1086 3412 in
1106 3339 1229 3434 capite
1243 3337 1406 3412 infulam
1427 3337 1675 3428 concolorem,
1696 3334 1949 3434 pendentibus
1975 3337 2096 3411 utrin-

659 3501 733 3575 que
761 3478 883 3556 vittis.

766 3763 837 3838 Die
864 3762 1187 3858 vigesimaquinta
1214 3761 1369 3856 augusti
1389 3760 1656 3835 Sanctissimus
1674 3760 1861 3834 Dominus
1884 3763 2014 3834 noster
2032 3783 2093 3834 su·

658 3907 741 3996 bito
757 3907 933 3983 similiter
947 3905 1199 3996 reconvalnit,
1214 3909 1254 3981 et
1272 3902 1321 3978 ad
1341 3901 1534 3980 ecclesiam
1557 3904 1603 3978 de
1622 3903 1761 4001 populo
1780 3903 1972 4000 equitavit
1991 3905 2094 3978 omni

659 4050 801 4147 populo
829 4047 1057 4123 admirante.

766 4333 838 4411 Die
866 4332 1005 4409 ultima
1024 4332 1179 4428 augusti
1198 4331 1306 4409 veuit
1323 4353 1424 4408 nova
1443 4330 1482 4406 iu
1502 4331 1635 4408 urbem
1649 4353 1694 4408 ex
1709 4331 1885 4407 Ferraria
1898 4335 2093 4408 mortuum

660 4476 802 4553 ibidem
829 4500 911 4555 esse
938 4477 1169 4554 cardinalem
1197 4475 1474 4552 ferrariensem.

766 4764 837 4837 Die
851 4762 1035 4858 vigesima
1054 4764 1216 4857 septima
1235 4761 1458 4857 septembris
1477 4759 1681 4835 cardinalis
1699 4763 1896 4856 agenensis
1914 4762 2092 4836 ecclesiae

658 4903 781 4977 sancti
810 4903 915 4977 Petri
943 4902 991 4976 ad
1030 4903 1193 4995 vincula,
1223 4906 1262 4976 et
1303 4903 1425 4996 major
1461 4899 1780 4995 poenitentiarius
1817 4905 1992 4975 mortuus
2033 4903 2092 4974 est

660 5048 805 5122 habens
832 5047 957 5121 multa
992 5045 1172 5121 beneficia
1203 5046 1251 5119 ad
1284 5067 1472 5119 summam
1511 5045 1620 5139 quasi
1648 5044 1952 5140 vigintimillium
1980 5043 2092 5118 duea-

659 5193 801 5263 tornm.
830 5188 966 5262 Noluit
997 5209 1128 5262 curam
1158 5188 1399 5276 medicorum,
1414 5185 1479 5260 sed
1508 5209 1553 5261 ex
1582 5208 1650 5261 suo
1679 5187 1831 5282 ingenio
1859 5207 1899 5260 se
1928 5186 2091 5274 curavit,

659 5331 699 5402 et
727 5350 813 5402 cum
840 5329 1006 5401 maxime
1034 5327 1279 5418 febricitaret,
1308 5327 1577 5403 voluitbibere
1604 5327 1736 5401 vinum
1759 5349 1938 5422 graecum
1966 5325 2094 5398 fortis·

658 5469 797 5546 simum
817 5471 857 5542 et
871 5491 1020 5566 purum,
1042 5490 1088 5543 ex
1107 5491 1183 5568 qna
1197 5470 1351 5568 potione
1363 5466 1471 5544 brevi
1486 5466 1646 5542 decessit
1665 5468 1877 5544 insedibus
1896 5469 1975 5541 siris
1989 5465 2091 5564 apud
