4948 6368
682 634 724 700 78
1039 665 1042 670 ·
1233 655 1356 701 remur
1380 655 1426 700 nn
1450 655 1564 702 smssr

674 873 792 971 jussit
817 878 874 968 ut,
903 875 1085 952 instituto
1113 875 1298 969 examine,
1326 876 1586 974 inquireretur
1604 901 1681 975 qua
1699 877 1746 953 de
1773 899 1888 953 causa
1914 876 2032 956 vellet
2058 899 2115 953 re·

677 1018 858 1114 ligionem
886 1018 1131 1095 christianam
1151 1020 1330 1117 amplecti
1349 1023 1390 1096 et
1408 1043 1499 1098 suos
1523 1043 1669 1098 errores
1690 1022 1850 1119 abjcere.
1872 1021 1944 1109 Qui
1963 1043 2115 1118 respon·

676 1163 735 1238 dit
761 1186 801 1238 se
829 1163 867 1239 id
896 1165 1019 1241 facere
1046 1168 1204 1264 propter
1233 1165 1466 1241 varietatem
1494 1165 1534 1240 et
1563 1165 1825 1241 confusionem
1843 1167 1969 1240 sectae
1984 1166 2115 1240 meho-

677 1307 894 1399 methanae,
913 1330 1047 1385 verum
1079 1309 1170 1404 quia
1207 1308 1248 1382 in
1284 1308 1479 1404 aliquibus
1511 1307 1728 1400 dubitabat,
1757 1309 1833 1382 fuit
1860 1309 2117 1384 instructusa

677 1449 819 1526 nostris
837 1450 1067 1543 doctoribus,
1083 1453 1124 1526 et
1137 1451 1190 1526 sic
1203 1451 1365 1526 sacrista
1383 1447 1592 1544 palatinus,
1612 1452 1654 1524 et
1668 1450 1864 1546 episcopus
1883 1452 2115 1540 casertanus,

677 1595 718 1666 et
745 1615 816 1689 ego
844 1595 1040 1691 episcopus
1068 1593 1296 1690 pisaurensis
1325 1595 1463 1690 quibus
1496 1592 1602 1688 Papa
1636 1592 1707 1667 hoc
1734 1612 1895 1667 examen
1913 1592 2114 1683 commisit,

676 1733 1026 1811 cathechixavimns
1053 1757 1142 1810 eum
1170 1738 1262 1810 ante
1289 1733 1388 1808 fores
1415 1733 1607 1829 cappellae
1636 1734 1784 1829 papalis
1812 1733 1946 1827 primo,
1962 1735 2004 1806 et
2026 1732 2114 1806 inde

676 1874 917 1952 introductus
944 1878 1021 1952 fuit
1047 1878 1172 1953 factus
1191 1877 1496 1968 cathecumenus,
1516 1877 1800 1952 reservavimus
1825 1877 1956 1948 autern
1985 1873 2024 1946 in
2043 1873 2114 1948 hac

677 2016 738 2094 die
751 2018 976 2116 epiphaniae
990 2021 1234 2118 baptismum,
1259 2021 1305 2093 ut
1327 2017 1406 2114 ipse
1421 2015 1526 2112 Papa
1541 2017 1636 2090 illud
1645 2017 1944 2108 administraret,
1959 2019 2000 2089 el
2010 2015 2114 2112 Papa

676 2160 891 2258 baptizavit
909 2161 1031 2254 illum,
1052 2162 1317 2238 assistentibus
1335 2161 1459 2236 tribus
1478 2159 1639 2258 patrinis
1653 2161 1719 2259 qui
1739 2160 1897 2238 fuerunt
1911 2160 2113 2236 cardinalis

676 2302 973 2399 Sancteecrucis,
1006 2307 1209 2382 cardinalis
1242 2309 1464 2380 sanctorum
1483 2303 1666 2398 Quatuor,
1693 2310 1733 2381 el
1761 2305 1964 2381 cardinalis
2003 2302 2115 2398 Aegi·

676 2445 762 2521 dius
782 2470 827 2524 ac
845 2448 1076 2524 castellanus
1094 2449 1161 2546 qui
1182 2449 1379 2547 episcopus
1406 2447 1466 2523 est
1489 2446 1718 2543 salutianus,
1734 2472 1802 2548 pro
1831 2470 1907 2546 quo
1925 2468 1996 2544 ego
2024 2469 2111 2543 sup·

674 2590 797 2690 plevi3
826 2615 968 2672 nomen
995 2591 1072 2670 tuit
1098 2591 1263 2672 loannes
1289 2591 1365 2669 Leo
1394 2591 1450 2672 De
1477 2593 1644 2670 Medicis.
