4948 6368
808 725 843 772 lt
865 725 981 773 Drauso
1005 725 1041 773 nl
1064 725 1147 774 Plan
1170 727 1280 774 ΜΘΗ
1303 726 1335 774 X.

469 945 648 1021 Oratores
675 945 887 1040 principum

469 1085 631 1162 Senator

469 1227 608 1302 Orator
635 1225 805 1302 Caesaris

361 1379 373 1398 '
467 1387 623 1462 Nobiles
650 1388 691 1463 et
716 1387 879 1463 barones
905 1410 1021 1484 supra
1046 1388 1283 1474 senatorem
1313 1387 1354 1460 et
1381 1386 1468 1480 post
1493 1379 1708 1478 praedictos
1734 1397 1799 1454 ve·

362 1529 473 1603 niant
498 1549 613 1626 super
639 1528 798 1622 pelliciis
825 1527 963 1620 induti,
992 1532 1039 1603 ut
1065 1531 1239 1602 cantores
1267 1527 1406 1620 Papae,
1435 1523 1577 1598 acoliti.

469 1809 541 1886 Hic
568 1808 661 1886 ordo
688 1809 765 1885 fuit
781 1811 971 1903 servatus,
990 1810 1082 1886 licet
1099 1809 1219 1909 aliqui
1238 1807 1459 1907 aliqualiter
1483 1802 1801 1892 reclamaverint;
1828 1807 1892 1869 Fol·
1910 1808 1966 1866 ⁴20
1982 1825 2006 1865 r·

362 1957 493 2032 tamen
509 1954 615 2053 Papa
632 1953 685 2032 sic
704 1954 841 2046 voluit,
860 1956 902 2030 et
921 1954 974 2030 sic
993 1953 1137 2031 lactum
1157 1954 1244 2047 fuit,
1266 1953 1432 2051 exceptis
1450 1951 1611 2029 notariis
1630 1969 1804 2028 camerae

364 2101 429 2198 qui
445 2101 652 2178 voluerunt
670 2122 751 2177 esse
764 2100 804 2176 in
820 2099 983 2198 digniori
1002 2101 1085 2178 loco
1105 2124 1220 2199 supra
1238 2099 1407 2176 notarios
1426 2097 1560 2189 Rotae,
1575 2099 1616 2172 et
1633 2094 1804 2185 fuerunt,

365 2245 418 2322 sic
436 2267 615 2342 persuaso
636 2245 753 2342 Papa,
781 2246 821 2320 et
839 2247 1130 2339 sic-mandante,
1150 2268 1385 2345 quamquam
1398 2241 1544 2338 judicio
1565 2239 1713 2315 Paridis
1727 2261 1804 2314 non

365 2388 483 2464 bene:
514 2389 701 2484 processio
720 2390 796 2463 suit
814 2389 941 2480 solita,
971 2391 1012 2466 et
1029 2388 1152 2464 solitis
1181 2387 1427 2464 caeremoniis
1451 2383 1666 2459 observata.
1702 2381 1806 2478 Papa
1903 2353 1906 2358 ⁵

365 2530 537 2628 portavit
556 2529 846 2606 Sacramentum
875 2532 914 2605 in
942 2531 1030 2606 sede
1058 2532 1209 2608 delatus
1236 2554 1322 2607 cum
1350 2530 1468 2605 mitra
1495 2549 1645 2624 semper
1672 2525 1712 2599 in
1746 2546 1806 2600 ca·

366 2673 471 2770 pite:
501 2674 611 2748 finita
639 2677 876 2771 processione
904 2678 945 2750 et
962 2675 1129 2772 reposito
1148 2675 1398 2764 sacramento,
1419 2671 1600 2746 inchoata
1614 2670 1674 2744 est
1691 2665 1807 2742 missa

366 2836 433 2910 per
460 2813 692 2890 cardinalem
719 2814 768 2890 de
796 2813 1011 2909 Jacobatijs
1042 2819 1087 2890 ut
1113 2815 1220 2888 alias.

473 3095 544 3172 Die
557 3095 673 3172 lunae
692 3095 839 3173 decima
852 3095 966 3194 junii,
987 3099 1119 3173 orator
1136 3094 1268 3194 magni
1281 3092 1456 3191 magistri
1475 3092 1685 3168 Rodiorum
1699 3113 1807 3192 prae·
1834 3101 1855 3166 l.
1874 3103 1930 3164 roo
1949 3121 1978 3164 v.

367 3237 471 3311 stitit
498 3238 754 3313 obedientiam
773 3238 900 3335 Papae
919 3239 960 3312 in
978 3237 1203 3314 consistorio
1222 3237 1380 3326 secreto,
1401 3233 1666 3330 praesentibus
1686 3233 1808 3329 vigin-

368 3377 569 3474 tiquatuor
597 3378 853 3454 cardinalibus
872 3381 914 3454 et
933 3379 1125 3477 aliquibus
1144 3377 1326 3474 praelatis
1346 3375 1539 3473 palatinis.
1570 3375 1711 3452 Orator·
1734 3375 1811 3449 fuit

370 3519 549 3595 Julianus
569 3519 744 3595 Ilidolfus
762 3517 988 3597 florentinus
1008 3521 1113 3620 prior
1131 3519 1298 3619 Capuam
1319 3521 1360 3595 in
1379 3518 1453 3596 flue
1473 3518 1660 3596 orationis
1679 3521 1811 3595 orator

370 3664 531 3743 donavit
557 3665 667 3743 nobis
694 3665 852 3743 ducatos
879 3667 1095 3766 quindecim
1124 3689 1192 3765 per
1221 3665 1418 3742 bonuarios
1446 3664 1493 3741 de
1520 3663 1717 3741 Ricasolis.

476 3955 545 4033 His
572 3955 706 4033 diebus
732 3980 821 4033 cum
848 3959 886 4033 in
914 3959 1009 4035 urbe
1037 3958 1184 4034 multas
1224 3958 1356 4035 caedes
1390 3962 1431 4034 et
1465 3957 1644 4034 omicidia
1676 3953 1814 4034 flerent
1840 3979 1932 4040 clm
1952 3997 1976 4038 r.

371 4097 406 4174 S.
434 4099 480 4174 D.
510 4099 556 4175 N.
587 4097 756 4176 decrevit
778 4101 819 4177 in
837 4101 1062 4178 consistorio
1079 4123 1129 4178 ne
1148 4102 1313 4201 amplius
1332 4103 1447 4180 liceat
1465 4102 1578 4180 alicui
1599 4124 1707 4178 arma
1727 4125 1813 4201 por·

371 4246 455 4318 tare
484 4243 568 4336 (58)
597 4246 638 4320 et
664 4245 739 4319 rmi
768 4246 1001 4322 unanimiter
1027 4249 1307 4347 responderunt
1333 4271 1529 4324 armorum
1555 4271 1669 4323 usum
1687 4245 1814 4344 prohi-

371 4385 539 4461 bendum
568 4408 659 4464 esse.

479 4673 550 4750 Die
577 4672 865 4769 vigesimanona
887 4673 989 4771 junii
1017 4679 1194 4751 mortuus
1222 4679 1281 4752 est
1310 4675 1513 4751 cardinalis
1541 4673 1817 4772 deilomitibus
1843 4691 1936 4750 alat
1955 4710 1979 4749 r.

373 4837 555 4892 romanus
583 4817 694 4894 extra
708 4816 842 4895 urbem
871 4817 910 4892 in
938 4819 1073 4895 cestris
1092 4817 1182 4910 suis,
1207 4816 1473 4918 pauperrimus
1500 4819 1541 4895 et
1576 4816 1818 4904 miserabilis,

375 4961 435 5036 ita
463 4963 510 5036 ut
536 4960 717 5038 haeredes
744 4966 964 5041 recusarent
991 4963 1268 5040 haereditatem
1296 4965 1472 5040 neforto
1504 4985 1687 5062 expensas
1718 4962 1817 5040 face·

380 5109 467 5182 rent
494 5106 534 5181 in
562 5107 741 5205 exequiis.

484 5397 529 5474 ln
556 5397 618 5476 die
644 5397 919 5498 Apostolorum
936 5401 1043 5480 Petri
1071 5405 1113 5480 et
1140 5401 1250 5480 Pauli
1271 5400 1476 5480 cardinalis
1504 5401 1551 5481 de
1578 5399 1700 5480 l'lisco
1725 5398 1821 5480 cele·
1848 5425 1870 5490 r.
1887 5425 1943 5488 aas
1960 5445 1984 5486 r.

378 5543 521 5638 brevit,
537 5549 734 5644 praesente
762 5545 879 5648 Papa,
908 5549 973 5649 qui
1001 5550 1222 5652 priusquam
1251 5548 1448 5630 ecclesiam
1477 5549 1660 5629 intrasset
1679 5547 1823 5650 recepit
