4948 6368
618 561 742 666 11...

1166 583 1288 629 raalaio
1313 583 1357 628 aa
1381 581 1496 629 casos!

745 657 983 666 -ιι---ι--ι--α-υ
990 659 1003 664 -
1022 657 1104 666 ---—-·-

412 813 475 870 33.
494 811 548 870 333
566 833 590 872 r.
724 803 795 879 Die
822 802 1149 902 vigesimaquarta
1172 803 1347 900 januarii
1379 791 1466 880 cunr
1501 805 1541 880 in
1575 805 1797 881 consistorio
1835 808 1963 904 patres
1999 829 2054 882 se·

618 948 763 1042 derant,
793 951 983 1027 venerunt
1009 967 1109 1028 nova
1137 947 1184 1024 13
1212 948 1473 1025 Maximiliane
1502 949 1623 1025 313313
1651 949 1881 1046 imperatore
1900 953 2052 1024 3333133

617 1093 678 1169 113
693 1093 961 1188 deeimaprima
975 1092 1185 1191 praesentis
1201 1094 1339 1168 mensis
1353 1093 1448 1168 hera
1466 1093 1575 1189 quasi
1594 1094 1710 1168 tertia
1728 1093 1849 1167 noetis
1870 1093 1964 1184 (52).
1982 1093 2053 1167 Die

618 1237 767 1313 veneris
795 1237 1064 1333 decimaprima
1091 1237 1264 1311 februari
1289 1238 1393 1311 facta
1421 1239 1480 1310 est
1508 1237 1622 1310 missa
1650 1236 1858 1331 exequialis
1895 1237 1934 1308 in
1967 1259 2052 1332 cap·

615 1378 717 1473 pella
744 1375 872 1474 Papae
900 1399 968 1474 pre
988 1377 1179 1468 defuneto,
1199 1399 1265 1472 per
1284 1376 1514 1452 cardinalem
1533 1376 1580 1451 de
1600 1377 1785 1450 Columna
1804 1398 1909 1451 more
1926 1378 2051 1469 331113,

616 1523 818 1614 praesente
860 1519 965 1614 Papa
1006 1523 1047 1594 et
1083 1518 1339 1594 cardinalibus
1382 1520 1697 1614 vigintiquinque.
1740 1517 1797 1591 113
1837 1519 2053 1594 3331331133

616 1658 721 1733 131313
749 1660 852 1733 33133
881 1660 1040 1734 venetus
1067 1658 1245 1733 interfuit
1258 1661 1298 1732 31
1313 1662 1443 1732 333133
1457 1659 1618 1754 polenus
1645 1658 1840 1754 episcopus
1854 1660 2049 1754 plocensis.

721 1939 768 2014 In
809 1939 998 2015 dominica
1039 1939 1205 2016 secunda
1232 1939 1279 2016 13
1306 1940 1595 2038 quadragesima
1628 1939 1733 2037 Papa
1774 1941 1965 2036 equitavit
2004 1941 2053 2015 ad

614 2083 823 2160 stationem
849 2104 950 2181 quae
978 2085 1063 2159 erat
1090 2082 1129 2158 in
1156 2083 1313 2159 eeclesia
1340 2082 1387 2158 13
1407 2080 1593 2162 navicella
1620 2107 1736 2182 quam
1756 2085 1795 2159 in
1814 2083 2052 2160 cardinalatu

614 2227 840 2303 restituerat
866 2248 953 2303 eum
982 2229 1082 2303 33331
1108 2227 1285 2304 totaliter
1304 2229 1446 2304 diruta:
1466 2231 1554 2306 inde
1577 2231 1760 2327 precessit
1786 2230 1835 2304 ad
1859 2229 2053 2305 basilicam

614 2393 644 2446 s.
673 2370 813 2459 Orucis3
844 2372 883 2444 in
910 2371 1038 2446 reditu
1067 2371 1251 2448 transivit
1278 2376 1369 2447 ante
1393 2395 1537 2451 novum
1564 2373 1752 2470 palatium
1778 2372 1980 2448 cardinalis
2007 2373 2054 2447 de

614 2512 795 2591 Parnesio
824 2518 869 2589 31
896 2513 992 2590 11131
1019 2513 1168 2592 videret
1187 2520 1303 2614 prout
1323 2515 1432 2610 vidit,
1452 2523 1494 2592 et
1514 2519 1706 2614 ingressus
1722 2516 1911 2616 palatium
1925 2516 2053 2592 omnio

613 2657 792 2754 probavit
819 2658 910 2755 quia
939 2680 1027 2736 vere
1053 2657 1256 2755 pulchrum
1284 2660 1325 2734 et
1352 2662 1617 2756 sumptuosum
1647 2659 1860 2735 aedilicium
1888 2664 1958 2735 est.

721 2943 863 3018 Diebus
890 2941 975 3018 istis
1003 2943 1221 3038 praeteritis
1247 2950 1451 3041 postquam
1469 2939 1575 3037 Papa
1594 2940 1721 3036 plures
1748 2941 1789 3014 in
1817 2941 2050 3016 consistoriis

614 3086 769 3162 secretis
809 3085 1046 3161 consultaret
1085 3086 1132 3160 13
1173 3084 1462 3160 canonizatione
1489 3083 1593 3159 beati
1621 3081 1812 3158 Francisci
1838 3083 1885 3159 13
1925 3081 2049 3157 Paula

615 3222 758 3304 ordinis
785 3226 987 3320 minorum,
1017 3229 1174 3302 tandem
1192 3226 1386 3304 ordinavit
1404 3228 1681 3304 caeremoniam
1700 3231 1746 3302 ut
1764 3229 1893 3303 omnia
1914 3230 2053 3306 fierent

614 3391 682 3465 pro
710 3369 1000 3443 canonizatione
1027 3367 1275 3464 expedienda.
1305 3367 1474 3444 Tandem
1502 3369 1563 3445 113
1604 3370 1718 3446 lunae
1747 3376 1887 3468 quarta
1913 3375 2052 3448 mensis

614 3511 744 3608 aprilis
772 3511 948 3586 habiturn
976 3513 1035 3586 331
1062 3511 1331 3585 consistorium
1362 3511 1553 3608 publicum
1581 3511 1621 3586 in
1649 3512 1739 3588 aula
1772 3536 1911 3610 magna
1945 3517 2052 3611 regia

614 3653 716 3729 inter
742 3653 838 3727 duas
865 3653 1056 3749 cappellae
1083 3651 1133 3727 31
1147 3627 1249 3750 qued
1278 3655 1383 3751 Papa
1410 3655 1518 3730 venit
1544 3654 1762 3750 paludatus,
1791 3654 2050 3752 praecedenti·

614 3799 686 3874 bus
713 3796 969 3874 cardinalibus
997 3819 1156 3873 numero
1184 3795 1423 3894 vigintioeto‚
1439 3799 1479 3871 31
1497 3797 1743 3894 sequentibus
1770 3797 1954 3894 praelatis
1980 3823 2050 3874 nu·

616 3965 720 4018 mero
762 3942 1082 4038 eentumtriginta
1122 3942 1302 4038 quinque.
1340 3941 1560 4018 Advocatus
1598 3941 1772 4014 deminus
1809 3941 1978 4038 Angelus
2005 3943 2051 4016 de

615 4085 718 4161 Oasis
745 4088 855 4181 pater
882 4082 1186 4161 reverendissimi
1215 4084 1417 4159 cardinalis
1445 4083 1492 4159 13
1519 4083 1632 4175 Oasis,
1649 4083 1802 4180 longam
1830 4087 1871 4158 31
1898 4083 2050 4180 elegan-

615 4232 695 4305 tem
723 4229 936 4304 0rationem
963 4227 1102 4320 tenuit,
1131 4228 1193 4302 eui
1221 4228 1326 4328 Papa
1353 4226 1635 4325 elegantissime
1664 4225 1871 4325 respondit.
1910 4225 2051 4306 Postea

615 4377 808 4449 statutum
822 4372 899 4448 fuit
913 4373 960 4446 ut
973 4371 1238 4449 decimotertia
1252 4374 1382 4471 aprilis
1398 4373 1458 4447 dis
1473 4371 1662 4458 mercurii,
1678 4369 1787 4446 fieret
1802 4393 1946 4448 novum
1960 4394 2049 4447 333·

615 4518 811 4593 3131331333
838 4517 879 4592 13
906 4518 996 4592 3313
1023 4517 1160 4610 ducali,
1193 4517 1233 4592 in
1260 4539 1306 4593 33
1333 4516 1476 4592 seilicet
1503 4517 1542 4592 in
1570 4538 1647 4612 qua
1674 4514 1884 4592 cardinales
1925 4516 2049 4613 publi·

615 4663 764 4752 cantur,
793 4662 834 4736 31
851 4665 951 4736 esset
964 4661 1088 4756 primo
1115 4665 1316 4750 secretum,
1337 4663 1377 4734 31
1404 4661 1538 4754 postea
1565 4657 1879 4752 semipubblicum
1906 4657 2051 4733 scilicet

615 4801 717 4898 quod
744 4803 831 4896 post
858 4800 1139 4896 expeditionem
1167 4801 1409 4895 negotiorum
1437 4796 1603 4893 praelati
1630 4795 1928 4891 ingrederentur.

581 5125 589 5141 ·
723 5084 795 5163 Die
823 5085 999 5162 mercurii
1036 5083 1299 5160 decimotertio
1319 5081 1466 5181 aprilis
1502 5083 1649 5158 factum
1684 5084 1743 5157 est
1778 5081 2049 5157 consistorium

617 5230 740 5328 primo
767 5230 961 5327 privatum
988 5251 1055 5305 seu
1083 5234 1270 5304 secretum
1299 5228 1339 5302 in
1367 5227 1460 5302 aula
1488 5225 1626 5318 ducali,
1655 5247 1730 5323 que
1758 5227 1902 5320 functo,
1928 5226 2048 5301 intra·

617 5381 758 5456 verunt
785 5376 949 5475 praelati
974 5379 1015 5452 31
1043 5373 1234 5469 3111313133,
1283 5375 1420 5472 quibus
1465 5372 1572 5470 Papa
1599 5373 1820 5471 simpliciter
1861 5372 1959 5447 dixit
2006 5372 2052 5446 ut
