<?xml version="1.0" encoding="UTF-8"?>
<!DOCTYPE html PUBLIC "-//W3C//DTD XHTML 1.0 Transitional//EN"
    "http://www.w3.org/TR/xhtml1/DTD/xhtml1-transitional.dtd">
<html xmlns="http://www.w3.org/1999/xhtml" xml:lang="en" lang="en">
 <head>
  <title>
</title>
<meta http-equiv="Content-Type" content="text/html;charset=utf-8" />
  <meta name='ocr-system' content='tesseract 3.04.00' />
  <meta name='ocr-capabilities' content='ocr_page ocr_carea ocr_par ocr_line ocrx_word'/>
</head>
<body>
  <div class='ocr_page' id='page_1' title='image "./ildiariodileone00grasgoog_0083.png"; bbox 0 0 4948 6368; ppageno 0'>
   <div class='ocr_carea' id='block_1_1' title="bbox 881 626 1871 695">
    <p class='ocr_par' dir='ltr' id='par_1_1' title="bbox 881 626 1871 695">
     <span class='ocr_line' id='line_1_1' title="bbox 881 626 1871 695; baseline 0.006 -9"><span class='ocrx_word' id='word_1_1' title='bbox 881 641 915 686; x_wconf 82' lang='lat' dir='ltr'>ra</span> <span class='ocrx_word' id='word_1_2' title='bbox 938 641 1053 688; x_wconf 74' lang='lat' dir='ltr'>ornato</span> <span class='ocrx_word' id='word_1_3' title='bbox 1077 641 1111 688; x_wconf 78' lang='lat' dir='ltr'>aa</span> <span class='ocrx_word' id='word_1_4' title='bbox 1135 640 1217 688; x_wconf 77' lang='lat' dir='ltr'>anns</span> <span class='ocrx_word' id='word_1_5' title='bbox 1241 643 1354 690; x_wconf 77' lang='lat' dir='ltr'>anona</span> <span class='ocrx_word' id='word_1_6' title='bbox 1377 643 1409 690; x_wconf 87' lang='lat' dir='ltr'>x.</span> <span class='ocrx_word' id='word_1_7' title='bbox 1828 626 1871 695; x_wconf 81' lang='grc'>67</span> 
     </span>
    </p>
   </div>
   <div class='ocr_carea' id='block_1_2' title="bbox 428 855 2075 1244">
    <p class='ocr_par' dir='ltr' id='par_1_2' title="bbox 428 855 2075 1244">
     <span class='ocr_line' id='line_1_2' title="bbox 536 855 2075 956; baseline 0.005 -26"><span class='ocrx_word' id='word_1_8' title='bbox 536 855 646 930; x_wconf 87' lang='lat' dir='ltr'>Intra</span> <span class='ocrx_word' id='word_1_9' title='bbox 672 857 940 932; x_wconf 87' lang='lat' dir='ltr'>consistorium</span> <span class='ocrx_word' id='word_1_10' title='bbox 967 861 1193 956; x_wconf 88' lang='lat' dir='ltr'>procurator</span> <span class='ocrx_word' id='word_1_11' title='bbox 1218 858 1357 934; x_wconf 83' lang='lat' dir='ltr'>fiscalis</span> <span class='ocrx_word' id='word_1_12' title='bbox 1383 859 1582 937; x_wconf 87' lang='lat' dir='ltr'>intimavit</span> <span class='ocrx_word' id='word_1_13' title='bbox 1600 859 1731 936; x_wconf 89' lang='lat' dir='ltr'>Paridi</span> <span class='ocrx_word' id='word_1_14' title='bbox 1749 863 1796 937; x_wconf 88' lang='lat' dir='ltr'>ot</span> <span class='ocrx_word' id='word_1_15' title='bbox 1813 883 1870 938; x_wconf 88' lang='lat' dir='ltr'>sc·</span> <span class='ocrx_word' id='word_1_16' title='bbox 1897 869 1960 930; x_wconf 73' lang='lat'><strong>1¹01.</strong></span> <span class='ocrx_word' id='word_1_17' title='bbox 1978 870 2035 930; x_wconf 77' lang='lat'>810</span> <span class='ocrx_word' id='word_1_18' title='bbox 2051 889 2075 930; x_wconf 87' lang='lat' dir='ltr'>r·</span> 
     </span>
     <span class='ocr_line' id='line_1_3' title="bbox 428 997 1869 1100; baseline 0.003 -26"><span class='ocrx_word' id='word_1_19' title='bbox 428 1021 515 1074; x_wconf 87' lang='lat' dir='ltr'>cum</span> <span class='ocrx_word' id='word_1_20' title='bbox 543 997 583 1074; x_wconf 93' lang='lat' dir='ltr'>in</span> <span class='ocrx_word' id='word_1_21' title='bbox 610 999 702 1076; x_wconf 88' lang='lat' dir='ltr'>aula</span> <span class='ocrx_word' id='word_1_22' title='bbox 729 1001 894 1078; x_wconf 74' lang='lat' dir='ltr'>intraret</span> <span class='ocrx_word' id='word_1_23' title='bbox 920 1003 966 1078; x_wconf 90' lang='lat' dir='ltr'>ut</span> <span class='ocrx_word' id='word_1_24' title='bbox 993 1001 1103 1078; x_wconf 90' lang='lat' dir='ltr'>testis</span> <span class='ocrx_word' id='word_1_25' title='bbox 1131 1000 1170 1076; x_wconf 91' lang='lat' dir='ltr'>in</span> <span class='ocrx_word' id='word_1_26' title='bbox 1188 1022 1367 1100; x_wconf 87' lang='lat' dir='ltr'>processu</span> <span class='ocrx_word' id='word_1_27' title='bbox 1386 1003 1521 1078; x_wconf 86' lang='lat' dir='ltr'>contra</span> <span class='ocrx_word' id='word_1_28' title='bbox 1539 1002 1773 1081; x_wconf 80' lang='lat' dir='ltr'><strong>cardinalem</strong></span> <span class='ocrx_word' id='word_1_29' title='bbox 1791 1003 1869 1079; x_wconf 90' lang='lat' dir='ltr'>Ha·</span> 
     </span>
     <span class='ocr_line' id='line_1_4' title="bbox 430 1141 1495 1244; baseline 0.006 -28"><span class='ocrx_word' id='word_1_30' title='bbox 430 1141 606 1217; x_wconf 86' lang='lat' dir='ltr'>drianum</span> <span class='ocrx_word' id='word_1_31' title='bbox 634 1143 700 1239; x_wconf 88' lang='lat' dir='ltr'>qui</span> <span class='ocrx_word' id='word_1_32' title='bbox 728 1145 870 1220; x_wconf 87' lang='lat' dir='ltr'>citatus</span> <span class='ocrx_word' id='word_1_33' title='bbox 897 1145 974 1219; x_wconf 87' lang='lat' dir='ltr'>luit</span> <span class='ocrx_word' id='word_1_34' title='bbox 999 1145 1039 1222; x_wconf 91' lang='lat' dir='ltr'>in</span> <span class='ocrx_word' id='word_1_35' title='bbox 1067 1146 1190 1222; x_wconf 86' lang='lat' dir='ltr'>valvis</span> <span class='ocrx_word' id='word_1_36' title='bbox 1218 1147 1371 1223; x_wconf 89' lang='lat' dir='ltr'>aedium</span> <span class='ocrx_word' id='word_1_37' title='bbox 1399 1147 1495 1244; x_wconf 87' lang='lat' dir='ltr'>ejus.</span> 
     </span>
    </p>
   </div>
   <div class='ocr_carea' id='block_1_3' title="bbox 427 1427 2040 2084">
    <p class='ocr_par' dir='ltr' id='par_1_3' title="bbox 427 1427 2040 2084">
     <span class='ocr_line' id='line_1_5' title="bbox 535 1427 2040 1524; baseline 0.005 -20"><span class='ocrx_word' id='word_1_38' title='bbox 535 1428 629 1504; x_wconf 73' lang='lat' dir='ltr'>(lum</span> <span class='ocrx_word' id='word_1_39' title='bbox 659 1429 719 1505; x_wconf 88' lang='lat' dir='ltr'>vel</span> <span class='ocrx_word' id='word_1_40' title='bbox 747 1427 1019 1524; x_wconf 87' lang='lat' dir='ltr'>infirmaretur,</span> <span class='ocrx_word' id='word_1_41' title='bbox 1036 1432 1095 1509; x_wconf 88' lang='lat' dir='ltr'>vel</span> <span class='ocrx_word' id='word_1_42' title='bbox 1114 1431 1227 1510; x_wconf 92' lang='lat' dir='ltr'>nimis</span> <span class='ocrx_word' id='word_1_43' title='bbox 1247 1434 1465 1510; x_wconf 85' lang='lat' dir='ltr'>moraretur</span> <span class='ocrx_word' id='word_1_44' title='bbox 1491 1433 1694 1511; x_wconf 87' lang='lat' dir='ltr'>cardinalis</span> <span class='ocrx_word' id='word_1_45' title='bbox 1715 1433 1762 1512; x_wconf 91' lang='lat' dir='ltr'>de</span> <span class='ocrx_word' id='word_1_46' title='bbox 1779 1433 1871 1510; x_wconf 79' lang='lat' dir='ltr'>Far·</span> <span class='ocrx_word' id='word_1_47' title='bbox 1898 1439 1921 1498; x_wconf 73' lang='lat' dir='ltr'>f·</span> <span class='ocrx_word' id='word_1_48' title='bbox 1938 1440 2040 1499; x_wconf 77' lang='lat' dir='ltr'><strong>81⁰·v·</strong></span> 
     </span>
     <span class='ocr_line' id='line_1_6' title="bbox 428 1571 1872 1676; baseline 0.006 -32"><span class='ocrx_word' id='word_1_49' title='bbox 428 1571 547 1664; x_wconf 90' lang='lat' dir='ltr'>nesio,</span> <span class='ocrx_word' id='word_1_50' title='bbox 576 1571 682 1670; x_wconf 87' lang='lat' dir='ltr'>Papa</span> <span class='ocrx_word' id='word_1_51' title='bbox 710 1572 770 1648; x_wconf 92' lang='lat' dir='ltr'>die</span> <span class='ocrx_word' id='word_1_52' title='bbox 798 1573 1108 1673; x_wconf 79' lang='lat' dir='ltr'>decimoseptimo</span> <span class='ocrx_word' id='word_1_53' title='bbox 1134 1575 1266 1674; x_wconf 83' lang='lat' dir='ltr'>aprilis</span> <span class='ocrx_word' id='word_1_54' title='bbox 1285 1575 1368 1673; x_wconf 86' lang='lat' dir='ltr'>ejus</span> <span class='ocrx_word' id='word_1_55' title='bbox 1395 1577 1478 1652; x_wconf 87' lang='lat' dir='ltr'>loco</span> <span class='ocrx_word' id='word_1_56' title='bbox 1506 1577 1745 1674; x_wconf 81' lang='lat' dir='ltr'>nuncupavit</span> <span class='ocrx_word' id='word_1_57' title='bbox 1768 1576 1872 1676; x_wconf 82' lang='lat' dir='ltr'>lega·</span> 
     </span>
     <span class='ocr_line' id='line_1_7' title="bbox 427 1715 1874 1802; baseline 0.007 -12"><span class='ocrx_word' id='word_1_58' title='bbox 427 1715 514 1790; x_wconf 92' lang='lat' dir='ltr'>tum</span> <span class='ocrx_word' id='word_1_59' title='bbox 542 1717 591 1792; x_wconf 92' lang='lat' dir='ltr'>ad</span> <span class='ocrx_word' id='word_1_60' title='bbox 617 1717 861 1795; x_wconf 77' lang='lat' dir='ltr'>Germaniam</span> <span class='ocrx_word' id='word_1_61' title='bbox 889 1719 1086 1796; x_wconf 89' lang='lat' dir='ltr'>dominum</span> <span class='ocrx_word' id='word_1_62' title='bbox 1118 1721 1304 1798; x_wconf 77' lang='lat' dir='ltr'>&#39;ihomam</span> <span class='ocrx_word' id='word_1_63' title='bbox 1340 1723 1572 1801; x_wconf 74' lang='lat' dir='ltr'>cardinalem</span> <span class='ocrx_word' id='word_1_64' title='bbox 1609 1747 1638 1802; x_wconf 91' lang='lat' dir='ltr'>s.</span> <span class='ocrx_word' id='word_1_65' title='bbox 1667 1723 1765 1800; x_wconf 80' lang='lat' dir='ltr'>sixti</span> <span class='ocrx_word' id='word_1_66' title='bbox 1792 1722 1874 1802; x_wconf 88' lang='lat' dir='ltr'>sive</span> 
     </span>
     <span class='ocr_line' id='line_1_8' title="bbox 428 1861 1875 1964; baseline 0.007 -30"><span class='ocrx_word' id='word_1_67' title='bbox 428 1861 475 1937; x_wconf 89' lang='lat' dir='ltr'>de</span> <span class='ocrx_word' id='word_1_68' title='bbox 502 1863 686 1956; x_wconf 88' lang='lat' dir='ltr'>Minerva,</span> <span class='ocrx_word' id='word_1_69' title='bbox 715 1863 781 1958; x_wconf 89' lang='lat' dir='ltr'>qui</span> <span class='ocrx_word' id='word_1_70' title='bbox 808 1886 832 1937; x_wconf 90' lang='lat' dir='ltr'>a</span> <span class='ocrx_word' id='word_1_71' title='bbox 858 1866 943 1940; x_wconf 92' lang='lat' dir='ltr'>toto</span> <span class='ocrx_word' id='word_1_72' title='bbox 981 1864 1140 1961; x_wconf 79' lang='lat' dir='ltr'>collegio</span> <span class='ocrx_word' id='word_1_73' title='bbox 1167 1866 1217 1940; x_wconf 85' lang='lat' dir='ltr'>ad</span> <span class='ocrx_word' id='word_1_74' title='bbox 1244 1867 1356 1944; x_wconf 88' lang='lat' dir='ltr'>aedes</span> <span class='ocrx_word' id='word_1_75' title='bbox 1393 1889 1481 1943; x_wconf 89' lang='lat' dir='ltr'>suas</span> <span class='ocrx_word' id='word_1_76' title='bbox 1511 1869 1626 1964; x_wconf 85' lang='lat' dir='ltr'>juxta</span> <span class='ocrx_word' id='word_1_77' title='bbox 1651 1891 1682 1944; x_wconf 90' lang='lat' dir='ltr'>s.</span> <span class='ocrx_word' id='word_1_78' title='bbox 1712 1867 1875 1944; x_wconf 84' lang='lat' dir='ltr'>Mariam</span> 
     </span>
     <span class='ocr_line' id='line_1_9' title="bbox 428 2005 917 2084; baseline 0.004 -4"><span class='ocrx_word' id='word_1_79' title='bbox 428 2005 468 2081; x_wconf 91' lang='lat' dir='ltr'>in</span> <span class='ocrx_word' id='word_1_80' title='bbox 496 2005 669 2083; x_wconf 91' lang='lat' dir='ltr'>vialata</span> <span class='ocrx_word' id='word_1_81' title='bbox 697 2005 917 2084; x_wconf 72' lang='lat' dir='ltr'>associatus.</span> 
     </span>
    </p>
   </div>
   <div class='ocr_carea' id='block_1_4' title="bbox 427 2291 2035 3106">
    <p class='ocr_par' dir='ltr' id='par_1_4' title="bbox 427 2291 2035 3106">
     <span class='ocr_line' id='line_1_10' title="bbox 534 2291 2035 2389; baseline 0.005 -23"><span class='ocrx_word' id='word_1_82' title='bbox 534 2291 605 2366; x_wconf 91' lang='lat' dir='ltr'>Die</span> <span class='ocrx_word' id='word_1_83' title='bbox 634 2291 811 2368; x_wconf 86' lang='lat' dir='ltr'>mercurii</span> <span class='ocrx_word' id='word_1_84' title='bbox 852 2293 989 2389; x_wconf 86' lang='lat' dir='ltr'>quinta</span> <span class='ocrx_word' id='word_1_85' title='bbox 1031 2293 1124 2370; x_wconf 88' lang='lat' dir='ltr'>maii</span> <span class='ocrx_word' id='word_1_86' title='bbox 1150 2318 1181 2370; x_wconf 89' lang='lat' dir='ltr'>r.</span> <span class='ocrx_word' id='word_1_87' title='bbox 1212 2292 1249 2369; x_wconf 90' lang='lat' dir='ltr'>d.</span> <span class='ocrx_word' id='word_1_88' title='bbox 1280 2293 1445 2369; x_wconf 83' lang='lat' dir='ltr'>Thomas</span> <span class='ocrx_word' id='word_1_89' title='bbox 1478 2294 1682 2371; x_wconf 87' lang='lat' dir='ltr'>cardinalis</span> <span class='ocrx_word' id='word_1_90' title='bbox 1719 2294 1767 2373; x_wconf 88' lang='lat' dir='ltr'>dc</span> <span class='ocrx_word' id='word_1_91' title='bbox 1802 2297 1874 2373; x_wconf 84' lang='lat' dir='ltr'>Mi·</span> <span class='ocrx_word' id='word_1_92' title='bbox 1901 2293 1995 2354; x_wconf 60' lang='grc' dir='ltr'>ΗΝ</span> <span class='ocrx_word' id='word_1_93' title='bbox 2012 2312 2035 2352; x_wconf 63' lang='lat' dir='ltr'>f·</span> 
     </span>
     <span class='ocr_line' id='line_1_11' title="bbox 427 2434 1873 2538; baseline 0.007 -30"><span class='ocrx_word' id='word_1_94' title='bbox 427 2454 547 2509; x_wconf 84' lang='lat' dir='ltr'>nerva</span> <span class='ocrx_word' id='word_1_95' title='bbox 573 2434 788 2510; x_wconf 88' lang='lat' dir='ltr'>destinatus</span> <span class='ocrx_word' id='word_1_96' title='bbox 815 2435 864 2509; x_wconf 89' lang='lat' dir='ltr'>ad</span> <span class='ocrx_word' id='word_1_97' title='bbox 893 2435 1092 2513; x_wconf 86' lang='lat' dir='ltr'>Caesarem</span> <span class='ocrx_word' id='word_1_98' title='bbox 1120 2437 1197 2512; x_wconf 83' lang='lat' dir='ltr'>suit</span> <span class='ocrx_word' id='word_1_99' title='bbox 1223 2438 1457 2531; x_wconf 82' lang='lat' dir='ltr'>benedictus,</span> <span class='ocrx_word' id='word_1_100' title='bbox 1486 2442 1526 2516; x_wconf 88' lang='lat' dir='ltr'>et</span> <span class='ocrx_word' id='word_1_101' title='bbox 1553 2440 1675 2516; x_wconf 88' lang='lat' dir='ltr'>lectus</span> <span class='ocrx_word' id='word_1_102' title='bbox 1704 2441 1873 2538; x_wconf 87' lang='lat' dir='ltr'>psalmus</span> 
     </span>
     <span class='ocr_line' id='line_1_12' title="bbox 427 2575 1875 2678; baseline 0.006 -30"><span class='ocrx_word' id='word_1_103' title='bbox 427 2595 542 2670; x_wconf 87' lang='lat' dir='ltr'>super</span> <span class='ocrx_word' id='word_1_104' title='bbox 569 2596 669 2666; x_wconf 87' lang='lat' dir='ltr'>eum,</span> <span class='ocrx_word' id='word_1_105' title='bbox 689 2578 730 2650; x_wconf 91' lang='lat' dir='ltr'>et</span> <span class='ocrx_word' id='word_1_106' title='bbox 748 2579 795 2650; x_wconf 91' lang='lat' dir='ltr'>ut</span> <span class='ocrx_word' id='word_1_107' title='bbox 813 2575 929 2651; x_wconf 90' lang='lat' dir='ltr'>moris</span> <span class='ocrx_word' id='word_1_108' title='bbox 956 2579 1016 2652; x_wconf 88' lang='lat' dir='ltr'>est</span> <span class='ocrx_word' id='word_1_109' title='bbox 1034 2575 1171 2652; x_wconf 89' lang='lat' dir='ltr'>ductus</span> <span class='ocrx_word' id='word_1_110' title='bbox 1190 2581 1250 2653; x_wconf 90' lang='lat' dir='ltr'>est</span> <span class='ocrx_word' id='word_1_111' title='bbox 1267 2601 1292 2651; x_wconf 90' lang='lat' dir='ltr'>a</span> <span class='ocrx_word' id='word_1_112' title='bbox 1310 2599 1420 2654; x_wconf 89' lang='lat' dir='ltr'>sacro</span> <span class='ocrx_word' id='word_1_113' title='bbox 1438 2582 1576 2654; x_wconf 88' lang='lat' dir='ltr'>senatu</span> <span class='ocrx_word' id='word_1_114' title='bbox 1594 2602 1672 2655; x_wconf 91' lang='lat' dir='ltr'>non</span> <span class='ocrx_word' id='word_1_115' title='bbox 1700 2602 1769 2678; x_wconf 87' lang='lat' dir='ltr'>per</span> <span class='ocrx_word' id='word_1_116' title='bbox 1787 2603 1875 2657; x_wconf 87' lang='lat' dir='ltr'>eam</span> 
     </span>
     <span class='ocr_line' id='line_1_13' title="bbox 428 2718 1873 2820; baseline 0.004 -28"><span class='ocrx_word' id='word_1_117' title='bbox 428 2718 533 2792; x_wconf 88' lang='lat' dir='ltr'>viam</span> <span class='ocrx_word' id='word_1_118' title='bbox 561 2743 638 2816; x_wconf 88' lang='lat' dir='ltr'>qua</span> <span class='ocrx_word' id='word_1_119' title='bbox 665 2720 795 2796; x_wconf 80' lang='lat' dir='ltr'>suerat</span> <span class='ocrx_word' id='word_1_120' title='bbox 821 2719 1024 2795; x_wconf 87' lang='lat' dir='ltr'>cardinalis</span> <span class='ocrx_word' id='word_1_121' title='bbox 1061 2719 1107 2793; x_wconf 89' lang='lat' dir='ltr'>da</span> <span class='ocrx_word' id='word_1_122' title='bbox 1122 2719 1317 2813; x_wconf 85' lang='lat' dir='ltr'>Farnasio‚</span> <span class='ocrx_word' id='word_1_123' title='bbox 1347 2719 1385 2794; x_wconf 91' lang='lat' dir='ltr'>id</span> <span class='ocrx_word' id='word_1_124' title='bbox 1413 2723 1474 2796; x_wconf 87' lang='lat' dir='ltr'>est</span> <span class='ocrx_word' id='word_1_125' title='bbox 1491 2743 1558 2819; x_wconf 91' lang='lat' dir='ltr'>per</span> <span class='ocrx_word' id='word_1_126' title='bbox 1577 2725 1731 2818; x_wconf 91' lang='lat' dir='ltr'>portam</span> <span class='ocrx_word' id='word_1_127' title='bbox 1757 2744 1873 2820; x_wconf 80' lang='lat' dir='ltr'>guar-</span> 
     </span>
     <span class='ocr_line' id='line_1_14' title="bbox 428 2859 1873 2963; baseline 0.006 -29"><span class='ocrx_word' id='word_1_128' title='bbox 428 2859 515 2938; x_wconf 91' lang='lat' dir='ltr'>diae</span> <span class='ocrx_word' id='word_1_129' title='bbox 543 2861 691 2959; x_wconf 89' lang='lat' dir='ltr'>palatii,</span> <span class='ocrx_word' id='word_1_130' title='bbox 721 2861 787 2939; x_wconf 86' lang='lat' dir='ltr'>aad</span> <span class='ocrx_word' id='word_1_131' title='bbox 817 2860 1013 2960; x_wconf 87' lang='lat' dir='ltr'>usquead</span> <span class='ocrx_word' id='word_1_132' title='bbox 1042 2859 1154 2938; x_wconf 90' lang='lat' dir='ltr'>aedes</span> <span class='ocrx_word' id='word_1_133' title='bbox 1182 2860 1456 2961; x_wconf 90' lang='lat' dir='ltr'>archiepiscopi</span> <span class='ocrx_word' id='word_1_134' title='bbox 1483 2861 1703 2942; x_wconf 79' lang='lat' dir='ltr'>nicosiensis</span> <span class='ocrx_word' id='word_1_135' title='bbox 1730 2861 1780 2942; x_wconf 82' lang='lat' dir='ltr'>ed</span> <span class='ocrx_word' id='word_1_136' title='bbox 1807 2886 1873 2963; x_wconf 90' lang='lat' dir='ltr'>po·</span> 
     </span>
     <span class='ocr_line' id='line_1_15' title="bbox 429 3008 575 3106; baseline 0.007 -24"><span class='ocrx_word' id='word_1_137' title='bbox 429 3008 575 3106; x_wconf 89' lang='lat' dir='ltr'>pulum.</span> 
     </span>
    </p>
   </div>
   <div class='ocr_carea' id='block_1_5' title="bbox 427 3289 2037 3685">
    <p class='ocr_par' dir='ltr' id='par_1_5' title="bbox 427 3289 2037 3685">
     <span class='ocr_line' id='line_1_16' title="bbox 535 3289 2037 3397; baseline -0.001 -22"><span class='ocrx_word' id='word_1_138' title='bbox 535 3296 617 3375; x_wconf 88' lang='lat' dir='ltr'>Illis</span> <span class='ocrx_word' id='word_1_139' title='bbox 644 3296 779 3378; x_wconf 88' lang='lat' dir='ltr'>diebus</span> <span class='ocrx_word' id='word_1_140' title='bbox 805 3296 912 3397; x_wconf 86' lang='lat' dir='ltr'>Papa</span> <span class='ocrx_word' id='word_1_141' title='bbox 938 3295 1086 3376; x_wconf 86' lang='lat' dir='ltr'>creavit</span> <span class='ocrx_word' id='word_1_142' title='bbox 1111 3294 1347 3376; x_wconf 86' lang='lat' dir='ltr'>cardinalem</span> <span class='ocrx_word' id='word_1_143' title='bbox 1374 3295 1536 3376; x_wconf 76' lang='lat' dir='ltr'>fratrem</span> <span class='ocrx_word' id='word_1_144' title='bbox 1563 3295 1669 3378; x_wconf 87' lang='lat' dir='ltr'>dacia</span> <span class='ocrx_word' id='word_1_145' title='bbox 1705 3294 1873 3378; x_wconf 88' lang='lat' dir='ltr'>aurelia·</span> <span class='ocrx_word' id='word_1_146' title='bbox 1900 3289 1995 3354; x_wconf 69' lang='grc' dir='ltr'>ΗΠ</span> <span class='ocrx_word' id='word_1_147' title='bbox 2012 3309 2037 3352; x_wconf 73' lang='lat'>¹·</span> 
     </span>
     <span class='ocr_line' id='line_1_17' title="bbox 427 3439 1874 3544; baseline 0.001 -25"><span class='ocrx_word' id='word_1_148' title='bbox 427 3444 566 3537; x_wconf 81' lang='lat' dir='ltr'>nensis,</span> <span class='ocrx_word' id='word_1_149' title='bbox 582 3443 648 3544; x_wconf 89' lang='lat' dir='ltr'>qui</span> <span class='ocrx_word' id='word_1_150' title='bbox 676 3447 736 3521; x_wconf 88' lang='lat' dir='ltr'>est</span> <span class='ocrx_word' id='word_1_151' title='bbox 763 3467 925 3542; x_wconf 86' lang='lat' dir='ltr'>magnus</span> <span class='ocrx_word' id='word_1_152' title='bbox 952 3442 1129 3520; x_wconf 89' lang='lat' dir='ltr'>dominus</span> <span class='ocrx_word' id='word_1_153' title='bbox 1157 3441 1259 3540; x_wconf 91' lang='lat' dir='ltr'>apud</span> <span class='ocrx_word' id='word_1_154' title='bbox 1286 3463 1416 3541; x_wconf 81' lang='lat' dir='ltr'>regem</span> <span class='ocrx_word' id='word_1_155' title='bbox 1449 3439 1645 3536; x_wconf 83' lang='lat' dir='ltr'>Franciae,</span> <span class='ocrx_word' id='word_1_156' title='bbox 1684 3441 1752 3542; x_wconf 89' lang='lat' dir='ltr'>qai</span> <span class='ocrx_word' id='word_1_157' title='bbox 1793 3463 1874 3520; x_wconf 87' lang='lat' dir='ltr'>car·</span> 
     </span>
     <span class='ocr_line' id='line_1_18' title="bbox 428 3584 1703 3685; baseline 0 -23"><span class='ocrx_word' id='word_1_158' title='bbox 428 3588 566 3664; x_wconf 90' lang='lat' dir='ltr'>dinalis</span> <span class='ocrx_word' id='word_1_159' title='bbox 592 3590 679 3664; x_wconf 89' lang='lat' dir='ltr'>erat</span> <span class='ocrx_word' id='word_1_160' title='bbox 705 3587 902 3685; x_wconf 90' lang='lat' dir='ltr'>episcopus</span> <span class='ocrx_word' id='word_1_161' title='bbox 929 3585 1111 3662; x_wconf 85' lang='lat' dir='ltr'>metensis</span> <span class='ocrx_word' id='word_1_162' title='bbox 1139 3585 1349 3662; x_wconf 90' lang='lat' dir='ltr'>ditissimus</span> <span class='ocrx_word' id='word_1_163' title='bbox 1376 3588 1418 3663; x_wconf 91' lang='lat' dir='ltr'>et</span> <span class='ocrx_word' id='word_1_164' title='bbox 1447 3584 1703 3662; x_wconf 89' lang='lat' dir='ltr'>doctissimus.</span> 
     </span>
    </p>
   </div>
   <div class='ocr_carea' id='block_1_6' title="bbox 426 3869 2042 4546">
    <p class='ocr_par' dir='ltr' id='par_1_6' title="bbox 426 3869 2042 4546">
     <span class='ocr_line' id='line_1_19' title="bbox 533 3869 2042 3968; baseline -0.002 -21"><span class='ocrx_word' id='word_1_165' title='bbox 533 3873 580 3948; x_wconf 91' lang='lat' dir='ltr'>In</span> <span class='ocrx_word' id='word_1_166' title='bbox 598 3873 660 3950; x_wconf 89' lang='lat' dir='ltr'>die</span> <span class='ocrx_word' id='word_1_167' title='bbox 679 3873 768 3948; x_wconf 84' lang='lat' dir='ltr'>festi</span> <span class='ocrx_word' id='word_1_168' title='bbox 782 3895 812 3948; x_wconf 90' lang='lat' dir='ltr'>s.</span> <span class='ocrx_word' id='word_1_169' title='bbox 827 3871 982 3948; x_wconf 90' lang='lat' dir='ltr'>loannis</span> <span class='ocrx_word' id='word_1_170' title='bbox 996 3871 1196 3968; x_wconf 86' lang='lat' dir='ltr'>Baptistae</span> <span class='ocrx_word' id='word_1_171' title='bbox 1215 3871 1326 3946; x_wconf 85' lang='lat' dir='ltr'>finita</span> <span class='ocrx_word' id='word_1_172' title='bbox 1345 3871 1462 3946; x_wconf 90' lang='lat' dir='ltr'>missa</span> <span class='ocrx_word' id='word_1_173' title='bbox 1479 3869 1520 3946; x_wconf 94' lang='lat' dir='ltr'>in</span> <span class='ocrx_word' id='word_1_174' title='bbox 1547 3869 1720 3968; x_wconf 90' lang='lat' dir='ltr'>cappella</span> <span class='ocrx_word' id='word_1_175' title='bbox 1735 3869 1874 3966; x_wconf 84' lang='lat' dir='ltr'>majori</span> <span class='ocrx_word' id='word_1_176' title='bbox 1901 3901 1923 3959; x_wconf 48' lang='grc' dir='ltr'><strong>ᾗ</strong></span> <span class='ocrx_word' id='word_1_177' title='bbox 1940 3901 1995 3958; x_wconf 70' lang='lat'>019</span> <span class='ocrx_word' id='word_1_178' title='bbox 2013 3917 2042 3959; x_wconf 80' lang='lat' dir='ltr'>v.</span> 
     </span>
     <span class='ocr_line' id='line_1_20' title="bbox 427 4012 1875 4113; baseline 0 -23"><span class='ocrx_word' id='word_1_179' title='bbox 427 4013 575 4111; x_wconf 88' lang='lat' dir='ltr'>palatii,</span> <span class='ocrx_word' id='word_1_180' title='bbox 592 4015 696 4113; x_wconf 88' lang='lat' dir='ltr'>Papa</span> <span class='ocrx_word' id='word_1_181' title='bbox 724 4014 831 4092; x_wconf 89' lang='lat' dir='ltr'>venit</span> <span class='ocrx_word' id='word_1_182' title='bbox 857 4035 1064 4110; x_wconf 88' lang='lat' dir='ltr'>pransurus</span> <span class='ocrx_word' id='word_1_183' title='bbox 1082 4013 1130 4088; x_wconf 88' lang='lat' dir='ltr'>ad</span> <span class='ocrx_word' id='word_1_184' title='bbox 1150 4015 1362 4108; x_wconf 88' lang='lat' dir='ltr'>castellum,</span> <span class='ocrx_word' id='word_1_185' title='bbox 1380 4017 1425 4090; x_wconf 90' lang='lat' dir='ltr'>ut</span> <span class='ocrx_word' id='word_1_186' title='bbox 1451 4013 1492 4090; x_wconf 89' lang='lat' dir='ltr'>in</span> <span class='ocrx_word' id='word_1_187' title='bbox 1510 4013 1573 4090; x_wconf 87' lang='lat' dir='ltr'>dic</span> <span class='ocrx_word' id='word_1_188' title='bbox 1598 4012 1748 4092; x_wconf 89' lang='lat' dir='ltr'>videret</span> <span class='ocrx_word' id='word_1_189' title='bbox 1775 4013 1875 4092; x_wconf 80' lang='lat' dir='ltr'>festa</span> 
     </span>
     <span class='ocr_line' id='line_1_21' title="bbox 427 4156 1875 4256; baseline 0.001 -22"><span class='ocrx_word' id='word_1_190' title='bbox 427 4159 729 4248; x_wconf 67' lang='lat' dir='ltr'>florentinorum</span> <span class='ocrx_word' id='word_1_191' title='bbox 759 4158 843 4251; x_wconf 83' lang='lat' dir='ltr'>(ao)</span> <span class='ocrx_word' id='word_1_192' title='bbox 871 4182 962 4234; x_wconf 88' lang='lat' dir='ltr'>nam</span> <span class='ocrx_word' id='word_1_193' title='bbox 988 4157 1150 4256; x_wconf 88' lang='lat' dir='ltr'>pallium</span> <span class='ocrx_word' id='word_1_194' title='bbox 1170 4158 1251 4235; x_wconf 90' lang='lat' dir='ltr'>sive</span> <span class='ocrx_word' id='word_1_195' title='bbox 1274 4156 1453 4236; x_wconf 85' lang='lat' dir='ltr'>bravium</span> <span class='ocrx_word' id='word_1_196' title='bbox 1480 4179 1641 4235; x_wconf 91' lang='lat' dir='ltr'>aureum</span> <span class='ocrx_word' id='word_1_197' title='bbox 1669 4161 1875 4236; x_wconf 86' lang='lat' dir='ltr'>currerunt</span> 
     </span>
     <span class='ocr_line' id='line_1_22' title="bbox 427 4299 1873 4403; baseline 0.001 -26"><span class='ocrx_word' id='word_1_198' title='bbox 427 4303 515 4403; x_wconf 89' lang='lat' dir='ltr'>equi</span> <span class='ocrx_word' id='word_1_199' title='bbox 543 4301 697 4380; x_wconf 88' lang='lat' dir='ltr'>barbari</span> <span class='ocrx_word' id='word_1_200' title='bbox 725 4303 765 4378; x_wconf 93' lang='lat' dir='ltr'>in</span> <span class='ocrx_word' id='word_1_201' title='bbox 792 4301 865 4396; x_wconf 91' lang='lat' dir='ltr'>die,</span> <span class='ocrx_word' id='word_1_202' title='bbox 893 4305 935 4379; x_wconf 90' lang='lat' dir='ltr'>et</span> <span class='ocrx_word' id='word_1_203' title='bbox 962 4303 1002 4378; x_wconf 92' lang='lat' dir='ltr'>in</span> <span class='ocrx_word' id='word_1_204' title='bbox 1029 4305 1142 4380; x_wconf 91' lang='lat' dir='ltr'>nocte</span> <span class='ocrx_word' id='word_1_205' title='bbox 1168 4301 1411 4400; x_wconf 80' lang='lat' dir='ltr'>girandulam</span> <span class='ocrx_word' id='word_1_206' title='bbox 1438 4299 1735 4398; x_wconf 89' lang='lat' dir='ltr'>pulcherrimam</span> <span class='ocrx_word' id='word_1_207' title='bbox 1776 4300 1873 4378; x_wconf 88' lang='lat' dir='ltr'>sece-</span> 
     </span>
     <span class='ocr_line' id='line_1_23' title="bbox 426 4444 1871 4546; baseline -0.004 -22"><span class='ocrx_word' id='word_1_208' title='bbox 426 4453 521 4524; x_wconf 89' lang='lat' dir='ltr'>rant</span> <span class='ocrx_word' id='word_1_209' title='bbox 546 4449 587 4525; x_wconf 93' lang='lat' dir='ltr'>in</span> <span class='ocrx_word' id='word_1_210' title='bbox 615 4448 744 4546; x_wconf 90' lang='lat' dir='ltr'>platea</span> <span class='ocrx_word' id='word_1_211' title='bbox 770 4469 801 4524; x_wconf 90' lang='lat' dir='ltr'>s.</span> <span class='ocrx_word' id='word_1_212' title='bbox 816 4445 925 4539; x_wconf 80' lang='lat' dir='ltr'>Celsi,</span> <span class='ocrx_word' id='word_1_213' title='bbox 954 4446 1225 4524; x_wconf 89' lang='lat' dir='ltr'>innumerabili</span> <span class='ocrx_word' id='word_1_214' title='bbox 1244 4445 1384 4546; x_wconf 89' lang='lat' dir='ltr'>populo</span> <span class='ocrx_word' id='word_1_215' title='bbox 1405 4444 1586 4523; x_wconf 85' lang='lat' dir='ltr'>adstante</span> <span class='ocrx_word' id='word_1_216' title='bbox 1605 4447 1647 4522; x_wconf 91' lang='lat' dir='ltr'>et</span> <span class='ocrx_word' id='word_1_217' title='bbox 1661 4444 1871 4542; x_wconf 87' lang='lat' dir='ltr'>jubilante.</span> 
     </span>
    </p>
   </div>
   <div class='ocr_carea' id='block_1_7' title="bbox 427 4731 2042 5555">
    <p class='ocr_par' dir='ltr' id='par_1_7' title="bbox 427 4731 2042 5555">
     <span class='ocr_line' id='line_1_24' title="bbox 536 4731 2042 4838; baseline 0.003 -28"><span class='ocrx_word' id='word_1_218' title='bbox 536 4735 629 4813; x_wconf 87' lang='lat' dir='ltr'>Post</span> <span class='ocrx_word' id='word_1_219' title='bbox 656 4737 809 4812; x_wconf 87' lang='lat' dir='ltr'>missam</span> <span class='ocrx_word' id='word_1_220' title='bbox 838 4734 1070 4812; x_wconf 90' lang='lat' dir='ltr'>celebratam</span> <span class='ocrx_word' id='word_1_221' title='bbox 1097 4733 1139 4809; x_wconf 89' lang='lat' dir='ltr'>in</span> <span class='ocrx_word' id='word_1_222' title='bbox 1166 4732 1227 4810; x_wconf 91' lang='lat' dir='ltr'>die</span> <span class='ocrx_word' id='word_1_223' title='bbox 1254 4756 1284 4810; x_wconf 92' lang='lat' dir='ltr'>s.</span> <span class='ocrx_word' id='word_1_224' title='bbox 1304 4732 1423 4838; x_wconf 80' lang='lat' dir='ltr'>Petri,</span> <span class='ocrx_word' id='word_1_225' title='bbox 1445 4755 1543 4834; x_wconf 89' lang='lat' dir='ltr'>papa</span> <span class='ocrx_word' id='word_1_226' title='bbox 1562 4731 1766 4812; x_wconf 82' lang='lat' dir='ltr'>mandavit</span> <span class='ocrx_word' id='word_1_227' title='bbox 1779 4733 1872 4832; x_wconf 88' lang='lat' dir='ltr'>bap·</span> <span class='ocrx_word' id='word_1_228' title='bbox 1901 4757 1997 4816; x_wconf 80' lang='lat' dir='ltr'>aoso</span> <span class='ocrx_word' id='word_1_229' title='bbox 2014 4777 2042 4818; x_wconf 75' lang='lat' dir='ltr'>v.</span> 
     </span>
     <span class='ocr_line' id='line_1_25' title="bbox 427 4876 1873 4977; baseline -0.002 -22"><span class='ocrx_word' id='word_1_230' title='bbox 427 4879 540 4955; x_wconf 87' lang='lat' dir='ltr'>tizari</span> <span class='ocrx_word' id='word_1_231' title='bbox 568 4878 752 4977; x_wconf 90' lang='lat' dir='ltr'>quosdam</span> <span class='ocrx_word' id='word_1_232' title='bbox 777 4877 938 4976; x_wconf 88' lang='lat' dir='ltr'>judaeos</span> <span class='ocrx_word' id='word_1_233' title='bbox 965 4901 1052 4954; x_wconf 90' lang='lat' dir='ltr'>oum</span> <span class='ocrx_word' id='word_1_234' title='bbox 1080 4876 1168 4953; x_wconf 85' lang='lat' dir='ltr'>filiis</span> <span class='ocrx_word' id='word_1_235' title='bbox 1197 4880 1238 4955; x_wconf 92' lang='lat' dir='ltr'>et</span> <span class='ocrx_word' id='word_1_236' title='bbox 1265 4876 1449 4953; x_wconf 83' lang='lat' dir='ltr'>uxoribus</span> <span class='ocrx_word' id='word_1_237' title='bbox 1476 4877 1567 4971; x_wconf 83' lang='lat' dir='ltr'>suis,</span> <span class='ocrx_word' id='word_1_238' title='bbox 1596 4878 1639 4953; x_wconf 90' lang='lat' dir='ltr'>et</span> <span class='ocrx_word' id='word_1_239' title='bbox 1667 4880 1755 4975; x_wconf 92' lang='lat' dir='ltr'>post</span> <span class='ocrx_word' id='word_1_240' title='bbox 1783 4877 1873 4952; x_wconf 88' lang='lat' dir='ltr'>mis·</span> 
     </span>
     <span class='ocr_line' id='line_1_26' title="bbox 427 5018 1874 5118; baseline -0.001 -22"><span class='ocrx_word' id='word_1_241' title='bbox 427 5045 509 5099; x_wconf 90' lang='lat' dir='ltr'>sam</span> <span class='ocrx_word' id='word_1_242' title='bbox 537 5025 728 5100; x_wconf 85' lang='lat' dir='ltr'>venerunt</span> <span class='ocrx_word' id='word_1_243' title='bbox 755 5021 843 5115; x_wconf 90' lang='lat' dir='ltr'>duo,</span> <span class='ocrx_word' id='word_1_244' title='bbox 872 5023 983 5118; x_wconf 89' lang='lat' dir='ltr'>pater</span> <span class='ocrx_word' id='word_1_245' title='bbox 1010 5021 1051 5096; x_wconf 89' lang='lat' dir='ltr'>et</span> <span class='ocrx_word' id='word_1_246' title='bbox 1078 5019 1181 5096; x_wconf 86' lang='lat' dir='ltr'>illius</span> <span class='ocrx_word' id='word_1_247' title='bbox 1207 5018 1256 5094; x_wconf 89' lang='lat' dir='ltr'>ad</span> <span class='ocrx_word' id='word_1_248' title='bbox 1284 5018 1455 5094; x_wconf 90' lang='lat' dir='ltr'>osculum</span> <span class='ocrx_word' id='word_1_249' title='bbox 1492 5018 1598 5117; x_wconf 89' lang='lat' dir='ltr'>pedis</span> <span class='ocrx_word' id='word_1_250' title='bbox 1636 5040 1757 5117; x_wconf 87' lang='lat' dir='ltr'>papae</span> <span class='ocrx_word' id='word_1_251' title='bbox 1785 5040 1874 5097; x_wconf 93' lang='lat' dir='ltr'>oum</span> 
     </span>
     <span class='ocr_line' id='line_1_27' title="bbox 428 5162 1874 5266; baseline -0.006 -21"><span class='ocrx_word' id='word_1_252' title='bbox 428 5167 561 5246; x_wconf 86' lang='lat' dir='ltr'>multis</span> <span class='ocrx_word' id='word_1_253' title='bbox 588 5167 792 5266; x_wconf 89' lang='lat' dir='ltr'>parabolis,</span> <span class='ocrx_word' id='word_1_254' title='bbox 808 5167 848 5244; x_wconf 91' lang='lat' dir='ltr'>et</span> <span class='ocrx_word' id='word_1_255' title='bbox 875 5185 995 5265; x_wconf 88' lang='lat' dir='ltr'>papae</span> <span class='ocrx_word' id='word_1_256' title='bbox 1024 5164 1073 5239; x_wconf 88' lang='lat' dir='ltr'>ad</span> <span class='ocrx_word' id='word_1_257' title='bbox 1102 5163 1290 5263; x_wconf 88' lang='lat' dir='ltr'>palatium</span> <span class='ocrx_word' id='word_1_258' title='bbox 1316 5162 1505 5254; x_wconf 87' lang='lat' dir='ltr'>redeunti,</span> <span class='ocrx_word' id='word_1_259' title='bbox 1523 5166 1654 5238; x_wconf 86' lang='lat' dir='ltr'>orator</span> <span class='ocrx_word' id='word_1_260' title='bbox 1691 5163 1874 5262; x_wconf 89' lang='lat' dir='ltr'>hispanus</span> 
     </span>
     <span class='ocr_line' id='line_1_28' title="bbox 428 5305 1874 5412; baseline -0.006 -22"><span class='ocrx_word' id='word_1_261' title='bbox 428 5336 569 5412; x_wconf 89' lang='lat' dir='ltr'>equum</span> <span class='ocrx_word' id='word_1_262' title='bbox 598 5312 729 5389; x_wconf 91' lang='lat' dir='ltr'>album</span> <span class='ocrx_word' id='word_1_263' title='bbox 757 5333 826 5410; x_wconf 89' lang='lat' dir='ltr'>pro</span> <span class='ocrx_word' id='word_1_264' title='bbox 853 5333 969 5387; x_wconf 89' lang='lat' dir='ltr'>censu</span> <span class='ocrx_word' id='word_1_265' title='bbox 996 5310 1141 5387; x_wconf 86' lang='lat' dir='ltr'>obtulit</span> <span class='ocrx_word' id='word_1_266' title='bbox 1167 5306 1294 5388; x_wconf 86' lang='lat' dir='ltr'>verbis</span> <span class='ocrx_word' id='word_1_267' title='bbox 1322 5307 1504 5406; x_wconf 89' lang='lat' dir='ltr'>hispanis,</span> <span class='ocrx_word' id='word_1_268' title='bbox 1533 5309 1574 5384; x_wconf 91' lang='lat' dir='ltr'>et</span> <span class='ocrx_word' id='word_1_269' title='bbox 1609 5307 1717 5404; x_wconf 88' lang='lat' dir='ltr'>Papa</span> <span class='ocrx_word' id='word_1_270' title='bbox 1752 5305 1874 5382; x_wconf 91' lang='lat' dir='ltr'>latine</span> 
     </span>
     <span class='ocr_line' id='line_1_29' title="bbox 429 5455 1030 5555; baseline -0.008 -21"><span class='ocrx_word' id='word_1_271' title='bbox 429 5457 643 5555; x_wconf 86' lang='lat' dir='ltr'>acceptavit</span> <span class='ocrx_word' id='word_1_272' title='bbox 671 5460 712 5535; x_wconf 93' lang='lat' dir='ltr'>et</span> <span class='ocrx_word' id='word_1_273' title='bbox 738 5455 1030 5533; x_wconf 81' lang='lat' dir='ltr'>cornmendavit.</span> 
     </span>
    </p>
   </div>
   <div class='ocr_carea' id='block_1_8' title="bbox 0 0 2478 6368">
    <p class='ocr_par' dir='ltr' id='par_1_8' title="bbox 0 0 2478 6368">
     <span class='ocr_line' id='line_1_30' title="bbox 0 0 2478 6368; baseline 0 0"><span class='ocrx_word' id='word_1_274' title='bbox 0 0 2478 6368; x_wconf 95' lang='lat' dir='ltr'> </span> 
     </span>
    </p>
   </div>
  </div>
 </body>
</html>
