4970 6352
921 766 955 812 rc
978 764 1093 813 nmmo
1116 764 1153 811 nr
1175 763 1259 813 rara
1281 765 1395 812 anona
1418 764 1450 812 x.
1864 741 1909 810 eb

472 987 753 1062 lateranensem
780 984 851 1060 sub
879 982 1069 1060 continuis
1097 981 1247 1078 pluviis,
1274 983 1314 1056 et
1341 979 1381 1054 in
1400 980 1528 1056 reditu
1547 979 1652 1075 Papa
1671 977 1772 1076 apud
1791 977 1907 1054 eccle·

474 1129 570 1206 siam
600 1152 629 1205 s.
658 1127 817 1204 Adriani
844 1127 990 1204 dimisit
1017 1125 1227 1203 cardinales
1255 1125 1303 1202 ad
1332 1125 1465 1201 urbem
1493 1124 1741 1216 revertentes,
1770 1123 1811 1199 et
1828 1120 1909 1219 ipse

473 1273 689 1372 hospitatus
717 1275 776 1348 est
802 1271 842 1345 in
870 1271 993 1347 solitis
1020 1272 1099 1346 suis
1125 1269 1386 1345 mansionibus
1415 1266 1517 1364 apud
1554 1267 1800 1342 Lateranum.

580 1559 693 1633 Mene
719 1556 780 1632 die
807 1557 956 1632 veneris
974 1555 1045 1631 snb
1075 1554 1262 1631 similibus
1282 1556 1323 1632 et
1340 1550 1552 1651 majoribus
1571 1552 1713 1652 pluviis
1730 1551 1911 1627 inchoata
1936 1554 1999 1614 1¹01.
2019 1554 2071 1612 187
2090 1571 2119 1612 v.
2266 1555 2268 1562 '

472 1702 532 1776 est
559 1698 675 1776 sessio
704 1698 743 1772 in
770 1721 847 1794 qua
874 1697 1034 1772 fuerant
1061 1697 1271 1772 cardinales
1297 1695 1485 1772 sexdecim
1513 1697 1682 1786 tantum,
1697 1717 1784 1770 cum
1804 1693 1910 1768 abes·

471 1845 558 1918 sent
585 1840 652 1916 alii
679 1843 866 1937 quattuor
893 1843 1122 1936 praesentes,
1151 1861 1314 1936 quorum
1342 1837 1508 1912 admissa
1528 1838 1587 1912 est
1604 1835 1812 1912 excusatio.
1839 1833 1909 1908 Mi·

470 1983 566 2057 trati
595 1982 634 2055 in
662 1985 790 2056 totum
819 1982 977 2057 luerunt
1004 1981 1212 2077 octoginta,
1241 1981 1282 2054 66
1309 1980 1481 2053 oratores
1501 1976 1714 2051 saeculares
1733 1979 1824 2064 tres,
1852 1973 1909 2048 vi·

472 2121 610 2198 delicet
645 2120 829 2212 Caesaris,
866 2121 1073 2219 Hispaniae
1114 2123 1155 2196 et
1186 2118 1460 2222 Portngalliae.
1494 2115 1632 2193 Adfuit
1672 2118 1791 2192 etism
1832 2112 1909 2187 dux

471 2265 618 2341 Urbini.
646 2265 763 2340 Missa
790 2264 867 2338 luit
892 2265 994 2339 lecta
1021 2285 1090 2360 per
1115 2262 1327 2356 sacristam,
1356 2263 1397 2336 66
1433 2261 1481 2336 66
1524 2260 1699 2336 omnibus
1743 2257 1910 2334 mitratis

472 2411 659 2508 praestita
686 2407 762 2483 luit
789 2407 1005 2485 reverentia
1033 2403 1220 2482 Pontifici.
1249 2403 1396 2481 Deinde
1424 2403 1549 2480 sactae
1577 2405 1670 2479 sunt
1693 2425 1822 2501 preces
1849 2423 1910 2477 eo·

471 2551 577 2641 litae,
594 2553 635 2626 66
652 2551 692 2624 in
711 2550 786 2624 fine
814 2553 901 2648 post
928 2551 1165 2624 benedicamus
1178 2551 1337 2640 Domino,
1359 2549 1464 2645 Papa
1483 2545 1590 2623 dedit
1607 2545 1910 2622 benedictionem

473 2693 693 2783 solemnem,
722 2696 763 2768 66
790 2692 993 2768 cardinalis
1021 2692 1068 2766 de
1096 2689 1275 2766 Parnesio
1303 2689 1483 2764 assistens
1511 2711 1535 2761 a
1563 2686 1730 2763 dexteris
1758 2687 1912 2785 pubbli-

473 2833 577 2910 cavit
603 2832 883 2932 indulgentiam
910 2834 1058 2932 septem
1085 2854 1286 2907 annorum.

576 3123 622 3198 In
650 3121 782 3199 eadem
810 3121 975 3198 sessione
1002 3122 1193 3198 venerunt
1219 3121 1299 3196 tres
1327 3119 1498 3196 oratores
1526 3119 1626 3218 nigri
1655 3140 1701 3196 ex
1728 3117 1910 3217 Ethiopia
1938 3127 1960 3188 l.
1981 3129 2034 3188 ιω
2051 3147 2081 3192 v.

472 3289 559 3344 cum
587 3267 796 3365 interprete
824 3267 889 3365 qui
919 3270 1005 3344 erat
1043 3267 1163 3342 frater
1199 3265 1360 3342 Ioannes
1401 3247 1623 3343 Francisnus
1657 3265 1703 3341 de
1731 3263 1911 3341 Potentia

473 3409 614 3484 ordinis
641 3409 834 3484 minorum
862 3410 909 3486 de
937 3409 1124 3502 Aracoeli,
1153 3411 1194 3483 66
1220 3409 1516 3504 praesentarunt
1542 3408 1676 3484 literas
1713 3408 1841 3503 Papae
1869 3409 1911 3483 66

473 3573 540 3645 per
568 3551 816 3650 interpretem
854 3553 1114 3649 exposuerunt
1150 3574 1303 3627 cansam
1341 3549 1530 3628 adventus
1567 3551 1627 3624 sui
1662 3550 1816 3627 nomine
1844 3575 1909 3647 pa·

475 3693 664 3767 triarchas
691 3693 982 3768 maronitarum.
1011 3693 1153 3766 Earum
1190 3693 1391 3768 literarum
1429 3693 1789 3789 interpretationem
1816 3691 1913 3788 legit

471 3831 508 3906 d.
536 3831 708 3910 Andreas
736 3834 954 3931 Piperarius
982 3835 1208 3910 secretarius
1243 3833 1404 3925 concilii,
1434 3839 1475 3910 et
1501 3835 1638 3911 deinde
1665 3835 1782 3909 iidem
1824 3857 1910 3910 ora·

470 3977 574 4050 tores
601 3979 803 4073 postquam
833 3974 995 4051 osculati
1022 3977 1149 4051 essent
1175 3975 1289 4073 pedes
1316 3973 1454 4072 Papae,
1483 3974 1728 4051 obedientem
1748 3975 1911 4072 praesti·

472 4120 607 4193 terunt
634 4119 760 4215 capite
786 4120 911 4195 solum
940 4123 1153 4217 tangentes,
1182 4121 1223 4194 66
1250 4117 1386 4195 deinde
1414 4116 1519 4194 ducti
1547 4122 1639 4196 sunt
1665 4119 1706 4195 in
1730 4119 1912 4196 sedilibus

472 4260 745 4357 praelatorum.

579 4551 725 4630 Deinde
753 4555 913 4628 vocatus
941 4554 1001 4628 est
1027 4575 1052 4628 6
1080 4551 1184 4650 Papa
1211 4544 1407 4650 episcopus
1434 4549 1820 4650 brandemburgensis
1847 4551 1908 4630 cui
1937 4563 2031 4628 cres
2048 4587 2074 4626 r.

474 4697 674 4775 mandavit
701 4701 748 4773 116
774 4697 925 4796 publice
952 4697 1097 4796 legeret
1123 4696 1313 4772 minutam
1342 4720 1420 4795 qna
1456 4699 1591 4773 contra
1617 4697 1759 4775 fratres
1802 4720 1910 4797 prae·

474 4845 662 4921 dicatores
702 4843 1020 4943 praecipiebatur,
1049 4865 1098 4919 ne
1126 4843 1197 4939 ipsi
1224 4841 1492 4942 praedicarent
1518 4841 1599 4918 sine
1626 4843 1785 4918 licentia
1811 4843 1912 4920 ordi·

473 4986 682 5062 nariorum.
712 4986 856 5061 Deinde
886 4984 934 5059 ab
963 4984 1138 5059 omnibus
1166 4984 1243 5059 fait
1270 4984 1406 5060 datum
1434 4984 1619 5082 placitum
1648 5007 1761 5081 super
1788 5006 1845 5078 ea,
1872 4987 1914 5062 et

475 5134 707 5207 scrutatores
735 5132 914 5206 votorum
943 5129 1141 5226 petierunt
1158 5127 1301 5225 placite
1315 5129 1358 5202 et
1375 5126 1595 5203 retulerunt
1622 5129 1668 5201 ut
1695 5127 1811 5204 moris
1839 5131 1914 5204 est.

476 5273 679 5350 Praeterea
696 5273 892 5370 episcopus
920 5270 1164 5348 ciseriensisl
1193 5273 1338 5368 accepit
1356 5271 1403 5347 de
1428 5295 1546 5347 manu
1567 5273 1694 5369 Papae
1722 5275 1914 5348 minutam

474 5434 588 5508 snper
629 5413 829 5488 concordia
869 5413 910 5485 in
946 5433 1065 5508 regno
1098 5412 1281 5488 Francius
1307 5433 1407 5508 qnae
1441 5411 1519 5485 luit
1550 5415 1596 5485 ut
1638 5413 1745 5508 prius
1778 5436 1914 5511 appro-

477 5554 582 5632 bata.
601 5557 778 5635 Oratores
805 5558 938 5634 61166111
965 5546 1147 5633 Franciae
1185 5555 1261 5632 diro
1299 5555 1464 5656 episcopi
1503 5557 1543 5632 in
1570 5557 1665 5634 urbe
1695 5560 1915 5656 praesentes
