4948 6368
844 681 878 727 m
901 678 1015 728 nuato
1039 681 1075 728 nr
1097 678 1181 728 rara
1204 680 1317 728 unone
1340 681 1373 728 x.
1787 659 1831 729 63

501 903 574 981 Die
600 904 717 982 lunae
734 905 841 1002 Papa
866 905 1058 1003 equitavit
1084 903 1133 980 ad
1161 902 1365 981 stationem
1395 925 1493 1000 quae
1520 905 1580 982 est
1607 903 1647 978 in
1675 901 1832 981 ecclesia
1858 907 1921 970 Pol
1940 907 1994 966 288
2011 925 2035 967 r·

395 1071 425 1124 s.
454 1049 659 1127 Clementis
686 1072 773 1127 cum
800 1054 901 1126 esset
927 1051 1071 1146 primus
1098 1050 1178 1128 dies
1206 1051 1307 1149 quod
1336 1075 1360 1127 a
1387 1073 1516 1128 mense
1553 1050 1720 1128 octobris
1748 1049 1832 1149 plu·

397 1194 461 1271 via
498 1198 692 1286 cessasset,
735 1194 824 1271 inde
865 1196 938 1272 ivit
972 1196 1021 1270 ad
1062 1196 1258 1274 ecclesiam
1299 1193 1532 1286 Navicellae,
1569 1194 1636 1271 ubi
1674 1197 1834 1270 externa

396 1335 457 1412 die
485 1337 614 1413 iuerat
641 1339 785 1425 atatio;
815 1336 903 1411 inde
931 1337 979 1410 ad
1007 1336 1204 1411 ecclesiam
1232 1359 1261 1410 s.
1291 1335 1466 1410 Silvestri
1494 1334 1562 1407 ubi
1600 1336 1720 1410 irater
1752 1335 1833 1408 Ma·

395 1477 526 1552 nanus
554 1477 754 1554 familiaris
773 1479 900 1572 Papae
914 1446 1129 1568 habitabat,
1159 1475 1247 1550 inde
1273 1474 1450 1570 pedester
1464 1474 1607 1548 transit
1633 1473 1682 1547 ad
1701 1473 1835 1548 hortos

396 1615 601 1692 cardinalis
628 1615 913 1713 hiporegiensis.
934 1615 1042 1692 luter
1069 1616 1237 1692 eundum
1257 1616 1396 1691 ductor
1423 1615 1681 1692 helvetiorum
1709 1615 1836 1690 voluit

395 1758 568 1855 equitare
595 1780 683 1834 cnm
710 1758 954 1857 principibus,
984 1759 1167 1857 magister
1194 1761 1406 1836 stratarum
1435 1779 1522 1834 oum
1559 1757 1767 1833 baronibus
1794 1758 1835 1832 et

396 1901 473 1976 luit
500 1902 679 1998 expulsus
706 1877 773 1999 pier
801 1901 996 1978 macarios.
1034 1901 1252 1978 Cardinales
1290 1901 1552 2000 intelligentes
1585 1923 1632 1978 ex
1669 1899 1836 1997 strepitu

399 2047 697 2125 bombardorum
726 2048 1006 2146 equitationem
1036 2049 1175 2147 Papae,
1189 2047 1398 2170 successive
1438 2047 1631 2125 venerunt
1658 2045 1835 2144 pervias

398 2188 599 2266 obviantes
629 2191 755 2287 Papae
783 2211 869 2265 oum
897 2190 973 2269 illis
999 2191 1153 2268 ridenti.

505 2469 577 2548 Die
603 2471 782 2550 mercurii
819 2475 959 2573 quarta
996 2472 1126 2550 martii
1166 2471 1272 2572 Papa
1303 2470 1518 2572 ingrediens
1554 2471 1835 2567 consistorium,
1862 2483 1957 2546 caeo
1974 2501 2003 2546 v.

403 2618 540 2690 vocato
568 2617 893 2692 caeremoniarum
921 2617 1118 2714 magistro,
1147 2615 1246 2690 dixit
1273 2615 1308 2691 ei
1345 2615 1513 2712 qualiter
1548 2615 1589 2689 in
1611 2613 1836 2691 consistorio

397 2737 524 2834 creare
551 2723 778 2836 intendebat
805 2762 971 2857 quatuor
998 2759 1146 2858 legatos
1175 2757 1221 2833 de
1248 2759 1371 2834 latere
1398 2759 1447 2832 ad
1472 2757 1641 2870 diversas
1659 2758 1835 2842 nationes

396 2922 465 2995 pro
493 2901 733 2996 expeditione
759 2901 935 2976 habenda
962 2905 1097 2977 contra
1123 2904 1264 2976 turcas.
1293 2900 1344 2974 Hi
1371 2901 1491 2996 legati
1517 2901 1687 2976 luerunt.

504 3043 716 3121 Cardinalis
743 3045 791 3122 de
818 3043 1021 3144 (lampagio
1048 3044 1097 3119 ad
1125 3066 1253 3142 regem
1281 3043 1444 3142 Angliae

503 3185 714 3262 cardinalis
742 3187 939 3284 Aegydius
966 3186 1016 3261 ad
1042 3208 1172 3283 regem
1199 3185 1406 3283 Hispaniae
1433 3187 1475 3262 et
1501 3183 1764 3282 Portugalliae

505 3329 717 3405 Cardinalis
744 3328 792 3405 de
819 3331 999 3405 Parnesio
1027 3328 1077 3402 ad
1104 3329 1373 3425 imperatorem

503 3470 714 3548 Cardinalis
742 3495 772 3547 s.
801 3470 945 3548 Mariae
973 3471 1013 3546 in
1040 3471 1191 3569 portion
1218 3470 1267 3546 ad
1295 3492 1424 3569 regem
1451 3469 1646 3548 Franciae.

504 3759 549 3834 In
577 3758 767 3836 dominica
806 3757 925 3835 tertia
966 3757 1279 3856 quadragesimae
1305 3757 1460 3834 missam
1488 3759 1664 3835 cantavit
1691 3759 1835 3838 archie-
1863 3767 1958 3826 m
1975 3783 1999 3824 r.

397 3907 570 4003 piscopus
597 3902 823 4001 sipontinus,
853 3905 894 3979 et
920 3923 1132 3979 sermonem
1156 3900 1296 3978 habuit
1313 3900 1467 3998 quidam
1483 3901 1638 3998 juvenis
1656 3927 1686 3980 s.
1706 3902 1837 4002 Augu·

396 4047 488 4124 stini
517 4046 648 4138 irater,
693 4045 760 4143 qui
801 4049 848 4121 ut
883 4045 963 4144 ipse
1002 4047 1148 4138 narrat,
1189 4067 1400 4123 sermonem
1441 4046 1594 4122 iuratus
1634 4046 1763 4124 luerat
1790 4069 1837 4124 ex

397 4191 509 4267 domo
528 4189 691 4289 episcopi
718 4188 976 4264 salamantini.
1006 4188 1101 4264 Post
1126 4189 1337 4287 cappellam
1359 4189 1463 4285 Papa
1482 4189 1682 4265 mandavit
1699 4191 1837 4288 guber·

396 4337 524 4412 natori
552 4335 593 4413 et
619 4333 952 4411 conservatoribus
979 4333 1086 4409 urbis
1113 4354 1163 4410 ns
1180 4331 1221 4408 in
1240 4333 1533 4432 quadragesima
1560 4355 1692 4411 carnes
1716 4355 1838 4412 come·

392 4476 581 4553 darentur
607 4475 758 4574 publice
787 4474 930 4572 apertis
957 4475 1139 4551 macellis.

503 4738 610 4859 Papa
649 4759 709 4835 his
750 4759 885 4836 diebus
915 4760 1056 4836 multas
1082 4759 1221 4837 habuit
1247 4759 1560 4859 congregationes
1594 4783 1682 4838 cum
1721 4760 1839 4838 cardi·
1866 4763 1888 4823 s·
1905 4763 1962 4823 288
1979 4781 2002 4821 r·

398 4903 550 4979 nalibns
569 4906 610 4980 et
628 4903 845 4979 oratoribus
864 4902 1077 5000 principum
1096 4901 1146 4977 ad
1164 4901 1378 4978 suadendos
1397 4903 1583 5001 principes
1601 4905 1648 4977 ut
1670 4902 1773 4979 inter
1786 4925 1838 4996 se,

398 5049 564 5124 remissis
583 5070 651 5144 per
669 5047 975 5144 quinquennium
994 5047 1117 5140 bellis,
1143 5048 1291 5124 coirent
1318 5050 1452 5124 contra
1480 5051 1610 5123 turcas
1641 5047 1841 5123 christiani

398 5191 561 5269 nominis
589 5192 760 5267 inimicos
788 5194 829 5268 et
857 5191 1092 5289 depellerent
1122 5215 1187 5268 eos
1205 5193 1254 5268 ab
1274 5193 1356 5289 ipsa
1383 5191 1728 5290 Constantinopoli.
1757 5193 1841 5280 Qua

399 5338 445 5414 de
472 5361 586 5414 causa
615 5337 662 5412 ad
691 5337 857 5438 agendas
884 5338 965 5413 Deo
992 5338 1137 5433 gratias
1152 5337 1270 5434 jussit
1289 5339 1393 5434 Papa
1412 5338 1458 5413 ut
1475 5337 1612 5414 fierent
1633 5337 1838 5413 triduanae
